<?xml version="1.0" encoding="UTF-8"?>
<!DOCTYPE html PUBLIC "-//W3C//DTD XHTML 1.0 Transitional//EN"
    "http://www.w3.org/TR/xhtml1/DTD/xhtml1-transitional.dtd">
<html xmlns="http://www.w3.org/1999/xhtml" xml:lang="en" lang="en">
 <head>
  <title>
</title>
<meta http-equiv="Content-Type" content="text/html;charset=utf-8" />
  <meta name='ocr-system' content='tesseract 3.04.00' />
  <meta name='ocr-capabilities' content='ocr_page ocr_carea ocr_par ocr_line ocrx_word'/>
</head>
<body>
  <div class='ocr_page' id='page_1' title='image "./quintihoratiifl00milmgoog_0201.png"; bbox 0 0 2804 4176; ppageno 0'>
   <div class='ocr_carea' id='block_1_1' title="bbox 345 452 935 524">
    <p class='ocr_par' dir='ltr' id='par_1_1' title="bbox 345 452 935 524">
     <span class='ocr_line' id='line_1_1' title="bbox 345 452 935 524; baseline -0.003 -16"><span class='ocrx_word' id='word_1_1' title='bbox 345 452 403 524; x_wconf 89' lang='lat'>178</span> <span class='ocrx_word' id='word_1_2' title='bbox 598 464 729 507; x_wconf 73' lang='lat' dir='ltr'>noman</span> <span class='ocrx_word' id='word_1_3' title='bbox 753 465 935 508; x_wconf 71' lang='lat' dir='ltr'>sarmarum</span> 
     </span>
    </p>
   </div>
   <div class='ocr_carea' id='block_1_2' title="bbox 338 593 1188 2985">
    <p class='ocr_par' dir='ltr' id='par_1_2' title="bbox 342 593 1075 664">
     <span class='ocr_line' id='line_1_2' title="bbox 342 593 1075 664; baseline 0 -16"><span class='ocrx_word' id='word_1_4' title='bbox 342 597 417 648; x_wconf 89' lang='lat' dir='ltr'>Nam</span> <span class='ocrx_word' id='word_1_5' title='bbox 430 593 480 648; x_wconf 90' lang='lat' dir='ltr'>suit</span> <span class='ocrx_word' id='word_1_6' title='bbox 492 595 546 648; x_wconf 94' lang='lat' dir='ltr'>hoc</span> <span class='ocrx_word' id='word_1_7' title='bbox 558 593 674 648; x_wconf 90' lang='lat' dir='ltr'>vitiosus</span> <span class='ocrx_word' id='word_1_8' title='bbox 685 613 692 660; x_wconf 93' lang='lat'>;</span> <span class='ocrx_word' id='word_1_9' title='bbox 711 594 741 647; x_wconf 91' lang='lat' dir='ltr'>in</span> <span class='ocrx_word' id='word_1_10' title='bbox 753 595 822 648; x_wconf 90' lang='lat' dir='ltr'>hora</span> <span class='ocrx_word' id='word_1_11' title='bbox 835 611 919 664; x_wconf 83' lang='lat' dir='ltr'>saepe</span> <span class='ocrx_word' id='word_1_12' title='bbox 931 593 1075 660; x_wconf 90' lang='lat' dir='ltr'>ducentos,</span> 
     </span>
    </p>

    <p class='ocr_par' dir='ltr' id='par_1_3' title="bbox 339 677 1158 1246">
     <span class='ocr_line' id='line_1_3' title="bbox 341 677 1073 747; baseline -0.001 -15"><span class='ocrx_word' id='word_1_13' title='bbox 341 680 383 732; x_wconf 95' lang='lat' dir='ltr'>Ut</span> <span class='ocrx_word' id='word_1_14' title='bbox 395 695 537 747; x_wconf 87' lang='lat' dir='ltr'>magnum,</span> <span class='ocrx_word' id='word_1_15' title='bbox 549 695 645 732; x_wconf 91' lang='lat' dir='ltr'>versus</span> <span class='ocrx_word' id='word_1_16' title='bbox 658 677 782 733; x_wconf 83' lang='lat' dir='ltr'>dictabat</span> <span class='ocrx_word' id='word_1_17' title='bbox 795 688 872 732; x_wconf 89' lang='lat' dir='ltr'>stans</span> <span class='ocrx_word' id='word_1_18' title='bbox 885 678 956 747; x_wconf 89' lang='lat' dir='ltr'>pede</span> <span class='ocrx_word' id='word_1_19' title='bbox 968 677 996 732; x_wconf 93' lang='lat' dir='ltr'>in</span> <span class='ocrx_word' id='word_1_20' title='bbox 1009 695 1073 731; x_wconf 90' lang='lat' dir='ltr'>un0.</span> 
     </span>
     <span class='ocr_line' id='line_1_4' title="bbox 342 760 1072 832; baseline -0.001 -17"><span class='ocrx_word' id='word_1_21' title='bbox 342 762 413 815; x_wconf 90' lang='lat' dir='ltr'>Cum</span> <span class='ocrx_word' id='word_1_22' title='bbox 425 761 521 815; x_wconf 87' lang='lat' dir='ltr'>flueret</span> <span class='ocrx_word' id='word_1_23' title='bbox 533 760 692 828; x_wconf 79' lang='lat' dir='ltr'>lutulentuS,</span> <span class='ocrx_word' id='word_1_24' title='bbox 705 770 764 815; x_wconf 90' lang='lat' dir='ltr'>erat</span> <span class='ocrx_word' id='word_1_25' title='bbox 776 760 851 832; x_wconf 91' lang='lat' dir='ltr'>quod</span> <span class='ocrx_word' id='word_1_26' title='bbox 864 761 959 815; x_wconf 91' lang='lat' dir='ltr'>tollere</span> <span class='ocrx_word' id='word_1_27' title='bbox 971 762 1072 815; x_wconf 90' lang='lat' dir='ltr'>velles:</span> 
     </span>
     <span class='ocr_line' id='line_1_5' title="bbox 342 843 1058 914; baseline 0 -16"><span class='ocrx_word' id='word_1_28' title='bbox 342 844 484 911; x_wconf 81' lang='lat' dir='ltr'>Garrulus,</span> <span class='ocrx_word' id='word_1_29' title='bbox 496 853 579 914; x_wconf 89' lang='lat' dir='ltr'>atque</span> <span class='ocrx_word' id='word_1_30' title='bbox 590 843 670 913; x_wconf 88' lang='lat' dir='ltr'>piger</span> <span class='ocrx_word' id='word_1_31' title='bbox 681 843 821 898; x_wconf 89' lang='lat' dir='ltr'>scribendi</span> <span class='ocrx_word' id='word_1_32' title='bbox 833 843 903 898; x_wconf 85' lang='lat' dir='ltr'>ferre</span> <span class='ocrx_word' id='word_1_33' title='bbox 915 844 1040 898; x_wconf 88' lang='lat' dir='ltr'>laborem</span> <span class='ocrx_word' id='word_1_34' title='bbox 1050 863 1058 909; x_wconf 77' lang='lat'>3</span> 
     </span>
     <span class='ocr_line' id='line_1_6' title="bbox 341 926 1158 995; baseline 0.004 -16"><span class='ocrx_word' id='word_1_35' title='bbox 341 926 487 980; x_wconf 90' lang='lat' dir='ltr'>Scribendi</span> <span class='ocrx_word' id='word_1_36' title='bbox 500 937 592 981; x_wconf 87' lang='lat' dir='ltr'>recte:</span> <span class='ocrx_word' id='word_1_37' title='bbox 611 943 687 994; x_wconf 86' lang='lat' dir='ltr'>nam,</span> <span class='ocrx_word' id='word_1_38' title='bbox 700 936 730 980; x_wconf 91' lang='lat' dir='ltr'>ut</span> <span class='ocrx_word' id='word_1_39' title='bbox 742 927 869 995; x_wconf 89' lang='lat' dir='ltr'>multum,</span> <span class='ocrx_word' id='word_1_40' title='bbox 882 927 921 980; x_wconf 93' lang='lat' dir='ltr'>nil</span> <span class='ocrx_word' id='word_1_41' title='bbox 934 944 1034 981; x_wconf 92' lang='lat' dir='ltr'>moror.</span> <span class='ocrx_word' id='word_1_42' title='bbox 1075 928 1158 994; x_wconf 89' lang='lat' dir='ltr'>Ecce,</span> 
     </span>
     <span class='ocr_line' id='line_1_7' title="bbox 341 1008 1075 1080; baseline 0.001 -17"><span class='ocrx_word' id='word_1_43' title='bbox 341 1008 485 1078; x_wconf 88' lang='lat' dir='ltr'>Crispinus</span> <span class='ocrx_word' id='word_1_44' title='bbox 497 1009 614 1063; x_wconf 90' lang='lat' dir='ltr'>minimo</span> <span class='ocrx_word' id='word_1_45' title='bbox 626 1027 672 1064; x_wconf 91' lang='lat' dir='ltr'>me</span> <span class='ocrx_word' id='word_1_46' title='bbox 685 1019 825 1079; x_wconf 86' lang='lat' dir='ltr'>provocat.</span> <span class='ocrx_word' id='word_1_47' title='bbox 862 1010 975 1080; x_wconf 88' lang='lat' dir='ltr'>Accipe,</span> <span class='ocrx_word' id='word_1_48' title='bbox 988 1011 1012 1064; x_wconf 91' lang='lat' dir='ltr'>si</span> <span class='ocrx_word' id='word_1_49' title='bbox 1024 1010 1075 1078; x_wconf 87' lang='lat' dir='ltr'>vis,</span> 
     </span>
     <span class='ocr_line' id='line_1_8' title="bbox 339 1092 1008 1162; baseline 0.003 -17"><span class='ocrx_word' id='word_1_50' title='bbox 339 1092 485 1162; x_wconf 90' lang='lat' dir='ltr'>Accipiam</span> <span class='ocrx_word' id='word_1_51' title='bbox 497 1093 607 1147; x_wconf 88' lang='lat' dir='ltr'>tabulas</span> <span class='ocrx_word' id='word_1_52' title='bbox 618 1113 626 1158; x_wconf 90' lang='lat'>;</span> <span class='ocrx_word' id='word_1_53' title='bbox 644 1094 726 1147; x_wconf 91' lang='lat' dir='ltr'>detur</span> <span class='ocrx_word' id='word_1_54' title='bbox 736 1093 818 1147; x_wconf 91' lang='lat' dir='ltr'>nobis</span> <span class='ocrx_word' id='word_1_55' title='bbox 830 1094 917 1160; x_wconf 89' lang='lat' dir='ltr'>locus,</span> <span class='ocrx_word' id='word_1_56' title='bbox 930 1093 1008 1161; x_wconf 90' lang='lat' dir='ltr'>hora,</span> 
     </span>
     <span class='ocr_line' id='line_1_9' title="bbox 341 1174 1049 1246; baseline 0.001 -17"><span class='ocrx_word' id='word_1_57' title='bbox 341 1174 478 1230; x_wconf 88' lang='lat' dir='ltr'>Custodes</span> <span class='ocrx_word' id='word_1_58' title='bbox 491 1195 498 1242; x_wconf 90' lang='lat'>;</span> <span class='ocrx_word' id='word_1_59' title='bbox 516 1177 661 1231; x_wconf 89' lang='lat' dir='ltr'>videamus</span> <span class='ocrx_word' id='word_1_60' title='bbox 674 1186 735 1230; x_wconf 89' lang='lat' dir='ltr'>uter</span> <span class='ocrx_word' id='word_1_61' title='bbox 746 1177 808 1245; x_wconf 91' lang='lat' dir='ltr'>plus</span> <span class='ocrx_word' id='word_1_62' title='bbox 821 1177 941 1230; x_wconf 85' lang='lat' dir='ltr'>scribere</span> <span class='ocrx_word' id='word_1_63' title='bbox 953 1177 1049 1246; x_wconf 91' lang='lat' dir='ltr'>possit.</span> 
     </span>
    </p>

    <p class='ocr_par' dir='ltr' id='par_1_4' title="bbox 341 1259 1024 1412">
     <span class='ocr_line' id='line_1_10' title="bbox 341 1259 1013 1330; baseline 0 -18"><span class='ocrx_word' id='word_1_64' title='bbox 341 1259 378 1312; x_wconf 94' lang='lat' dir='ltr'>Di</span> <span class='ocrx_word' id='word_1_65' title='bbox 390 1259 605 1326; x_wconf 85' lang='lat' dir='ltr'>benefecerunt,</span> <span class='ocrx_word' id='word_1_66' title='bbox 617 1259 708 1329; x_wconf 92' lang='lat' dir='ltr'>inopis</span> <span class='ocrx_word' id='word_1_67' title='bbox 721 1275 766 1312; x_wconf 91' lang='lat' dir='ltr'>me</span> <span class='ocrx_word' id='word_1_68' title='bbox 779 1259 908 1330; x_wconf 91' lang='lat' dir='ltr'>quodque</span> <span class='ocrx_word' id='word_1_69' title='bbox 920 1259 1013 1328; x_wconf 90' lang='lat' dir='ltr'>pusilli</span> 
     </span>
     <span class='ocr_line' id='line_1_11' title="bbox 341 1342 1024 1412; baseline 0.001 -17"><span class='ocrx_word' id='word_1_70' title='bbox 341 1343 493 1397; x_wconf 85' lang='lat' dir='ltr'>Finxerunt</span> <span class='ocrx_word' id='word_1_71' title='bbox 505 1343 600 1409; x_wconf 88' lang='lat' dir='ltr'>animi,</span> <span class='ocrx_word' id='word_1_72' title='bbox 613 1359 675 1396; x_wconf 88' lang='lat' dir='ltr'>raro</span> <span class='ocrx_word' id='word_1_73' title='bbox 688 1351 715 1396; x_wconf 94' lang='lat' dir='ltr'>et</span> <span class='ocrx_word' id='word_1_74' title='bbox 727 1358 866 1411; x_wconf 89' lang='lat' dir='ltr'>perpauca</span> <span class='ocrx_word' id='word_1_75' title='bbox 878 1342 1024 1412; x_wconf 88' lang='lat' dir='ltr'>loquentis.</span> 
     </span>
    </p>

    <p class='ocr_par' dir='ltr' id='par_1_5' title="bbox 338 1423 931 1492">
     <span class='ocr_line' id='line_1_12' title="bbox 338 1423 931 1492; baseline -0.002 -13"><span class='ocrx_word' id='word_1_76' title='bbox 338 1427 377 1480; x_wconf 87' lang='lat' dir='ltr'>At</span> <span class='ocrx_word' id='word_1_77' title='bbox 389 1436 419 1480; x_wconf 94' lang='lat' dir='ltr'>tu</span> <span class='ocrx_word' id='word_1_78' title='bbox 432 1427 577 1481; x_wconf 89' lang='lat' dir='ltr'>conclusas</span> <span class='ocrx_word' id='word_1_79' title='bbox 589 1425 704 1479; x_wconf 88' lang='lat' dir='ltr'>hircinis</span> <span class='ocrx_word' id='word_1_80' title='bbox 717 1423 828 1478; x_wconf 89' lang='lat' dir='ltr'>sollibus</span> <span class='ocrx_word' id='word_1_81' title='bbox 841 1441 931 1492; x_wconf 89' lang='lat' dir='ltr'>auras,</span> 
     </span>
    </p>

    <p class='ocr_par' dir='ltr' id='par_1_6' title="bbox 341 1506 1018 1580">
     <span class='ocr_line' id='line_1_13' title="bbox 341 1506 1018 1580; baseline -0.003 -17"><span class='ocrx_word' id='word_1_82' title='bbox 341 1509 440 1580; x_wconf 91' lang='lat' dir='ltr'>Usque</span> <span class='ocrx_word' id='word_1_83' title='bbox 451 1510 611 1563; x_wconf 88' lang='lat' dir='ltr'>laborantes</span> <span class='ocrx_word' id='word_1_84' title='bbox 624 1508 691 1561; x_wconf 90' lang='lat' dir='ltr'>dum</span> <span class='ocrx_word' id='word_1_85' title='bbox 703 1506 806 1561; x_wconf 85' lang='lat' dir='ltr'>ferrum</span> <span class='ocrx_word' id='word_1_86' title='bbox 818 1507 925 1561; x_wconf 87' lang='lat' dir='ltr'>molliat</span> <span class='ocrx_word' id='word_1_87' title='bbox 937 1507 1018 1576; x_wconf 86' lang='lat' dir='ltr'>ignis,</span> 
     </span>
    </p>

    <p class='ocr_par' dir='ltr' id='par_1_7' title="bbox 341 1590 995 1659">
     <span class='ocr_line' id='line_1_14' title="bbox 341 1590 995 1659; baseline -0.005 -13"><span class='ocrx_word' id='word_1_88' title='bbox 341 1592 383 1647; x_wconf 94' lang='lat' dir='ltr'>Ut</span> <span class='ocrx_word' id='word_1_89' title='bbox 395 1593 493 1659; x_wconf 91' lang='lat' dir='ltr'>mavis,</span> <span class='ocrx_word' id='word_1_90' title='bbox 506 1591 622 1645; x_wconf 88' lang='lat' dir='ltr'>imitare.</span> <span class='ocrx_word' id='word_1_91' title='bbox 660 1592 764 1644; x_wconf 90' lang='lat' dir='ltr'>Beatus</span> <span class='ocrx_word' id='word_1_92' title='bbox 778 1590 911 1656; x_wconf 90' lang='lat' dir='ltr'>Fannius,</span> <span class='ocrx_word' id='word_1_93' title='bbox 923 1591 995 1644; x_wconf 89' lang='lat' dir='ltr'>ultro</span> 
     </span>
    </p>

    <p class='ocr_par' dir='ltr' id='par_1_8' title="bbox 342 1673 1001 1743">
     <span class='ocr_line' id='line_1_15' title="bbox 342 1673 1001 1743; baseline -0.002 -17"><span class='ocrx_word' id='word_1_94' title='bbox 342 1674 449 1728; x_wconf 90' lang='lat' dir='ltr'>Delatis</span> <span class='ocrx_word' id='word_1_95' title='bbox 463 1675 554 1743; x_wconf 89' lang='lat' dir='ltr'>capsis</span> <span class='ocrx_word' id='word_1_96' title='bbox 568 1683 595 1727; x_wconf 93' lang='lat' dir='ltr'>et</span> <span class='ocrx_word' id='word_1_97' title='bbox 608 1673 747 1742; x_wconf 85' lang='lat' dir='ltr'>imagine3</span> <span class='ocrx_word' id='word_1_98' title='bbox 766 1688 830 1725; x_wconf 92' lang='lat' dir='ltr'>cum</span> <span class='ocrx_word' id='word_1_99' title='bbox 843 1689 1001 1726; x_wconf 88' lang='lat' dir='ltr'>mea-nemo</span> 
     </span>
    </p>

    <p class='ocr_par' dir='ltr' id='par_1_9' title="bbox 341 1753 1188 1992">
     <span class='ocr_line' id='line_1_16' title="bbox 341 1753 1127 1825; baseline -0.004 -14"><span class='ocrx_word' id='word_1_100' title='bbox 341 1757 450 1825; x_wconf 85' lang='lat' dir='ltr'>Scripta</span> <span class='ocrx_word' id='word_1_101' title='bbox 462 1757 545 1824; x_wconf 85' lang='lat' dir='ltr'>legat,</span> <span class='ocrx_word' id='word_1_102' title='bbox 557 1756 639 1824; x_wconf 89' lang='lat' dir='ltr'>volgo</span> <span class='ocrx_word' id='word_1_103' title='bbox 652 1754 767 1808; x_wconf 90' lang='lat' dir='ltr'>recitare</span> <span class='ocrx_word' id='word_1_104' title='bbox 780 1753 912 1822; x_wconf 90' lang='lat' dir='ltr'>timentis,</span> <span class='ocrx_word' id='word_1_105' title='bbox 925 1755 961 1808; x_wconf 94' lang='lat' dir='ltr'>ob</span> <span class='ocrx_word' id='word_1_106' title='bbox 974 1754 1046 1807; x_wconf 90' lang='lat' dir='ltr'>hanc</span> <span class='ocrx_word' id='word_1_107' title='bbox 1059 1771 1127 1822; x_wconf 91' lang='lat' dir='ltr'>rem,</span> 
     </span>
     <span class='ocr_line' id='line_1_17' title="bbox 341 1837 1188 1910; baseline -0.001 -17"><span class='ocrx_word' id='word_1_108' title='bbox 341 1840 423 1910; x_wconf 81' lang='lat' dir='ltr'>Quod</span> <span class='ocrx_word' id='word_1_109' title='bbox 436 1848 501 1893; x_wconf 91' lang='lat' dir='ltr'>sunt</span> <span class='ocrx_word' id='word_1_110' title='bbox 514 1855 584 1908; x_wconf 91' lang='lat' dir='ltr'>quos</span> <span class='ocrx_word' id='word_1_111' title='bbox 596 1854 684 1907; x_wconf 88' lang='lat' dir='ltr'>genus</span> <span class='ocrx_word' id='word_1_112' title='bbox 696 1838 750 1890; x_wconf 92' lang='lat' dir='ltr'>hoc</span> <span class='ocrx_word' id='word_1_113' title='bbox 762 1837 878 1890; x_wconf 90' lang='lat' dir='ltr'>minime</span> <span class='ocrx_word' id='word_1_114' title='bbox 887 1837 975 1906; x_wconf 87' lang='lat' dir='ltr'>juvat,</span> <span class='ocrx_word' id='word_1_115' title='bbox 988 1846 1084 1905; x_wconf 90' lang='lat' dir='ltr'>utpote</span> <span class='ocrx_word' id='word_1_116' title='bbox 1096 1839 1188 1907; x_wconf 90' lang='lat' dir='ltr'>plures</span> 
     </span>
     <span class='ocr_line' id='line_1_18' title="bbox 342 1918 1041 1992; baseline -0.006 -16"><span class='ocrx_word' id='word_1_117' title='bbox 342 1922 454 1992; x_wconf 89' lang='lat' dir='ltr'>Culpari</span> <span class='ocrx_word' id='word_1_118' title='bbox 467 1921 575 1990; x_wconf 88' lang='lat' dir='ltr'>dignos.</span> <span class='ocrx_word' id='word_1_119' title='bbox 614 1919 747 1990; x_wconf 85' lang='lat' dir='ltr'>Quemvis</span> <span class='ocrx_word' id='word_1_120' title='bbox 760 1918 853 1973; x_wconf 87' lang='lat' dir='ltr'>media</span> <span class='ocrx_word' id='word_1_121' title='bbox 865 1937 929 1974; x_wconf 89' lang='lat' dir='ltr'>erue</span> <span class='ocrx_word' id='word_1_122' title='bbox 942 1920 1023 1973; x_wconf 90' lang='lat' dir='ltr'>turba</span> <span class='ocrx_word' id='word_1_123' title='bbox 1034 1939 1041 1984; x_wconf 91' lang='lat'>;</span> 
     </span>
    </p>

    <p class='ocr_par' dir='ltr' id='par_1_10' title="bbox 339 2002 1082 2070">
     <span class='ocr_line' id='line_1_19' title="bbox 339 2002 1082 2070; baseline -0.003 -12"><span class='ocrx_word' id='word_1_124' title='bbox 339 2006 396 2058; x_wconf 90' lang='lat' dir='ltr'>Aut</span> <span class='ocrx_word' id='word_1_125' title='bbox 408 2005 445 2058; x_wconf 93' lang='lat' dir='ltr'>ob</span> <span class='ocrx_word' id='word_1_126' title='bbox 458 2003 613 2070; x_wconf 88' lang='lat' dir='ltr'>avaritiam,</span> <span class='ocrx_word' id='word_1_127' title='bbox 626 2012 674 2057; x_wconf 88' lang='lat' dir='ltr'>aut</span> <span class='ocrx_word' id='word_1_128' title='bbox 685 2003 788 2056; x_wconf 87' lang='lat' dir='ltr'>misera</span> <span class='ocrx_word' id='word_1_129' title='bbox 801 2002 954 2056; x_wconf 89' lang='lat' dir='ltr'>ambitione</span> <span class='ocrx_word' id='word_1_130' title='bbox 966 2003 1082 2057; x_wconf 85' lang='lat' dir='ltr'>laborat.</span> 
     </span>
    </p>

    <p class='ocr_par' dir='ltr' id='par_1_11' title="bbox 339 2085 1111 2490">
     <span class='ocr_line' id='line_1_20' title="bbox 342 2085 1077 2156; baseline -0.001 -15"><span class='ocrx_word' id='word_1_131' title='bbox 342 2088 397 2141; x_wconf 90' lang='lat' dir='ltr'>Hic</span> <span class='ocrx_word' id='word_1_132' title='bbox 410 2096 559 2156; x_wconf 89' lang='lat' dir='ltr'>nuptarum</span> <span class='ocrx_word' id='word_1_133' title='bbox 571 2086 675 2139; x_wconf 90' lang='lat' dir='ltr'>insanit</span> <span class='ocrx_word' id='word_1_134' title='bbox 688 2086 838 2153; x_wconf 89' lang='lat' dir='ltr'>amoribus,</span> <span class='ocrx_word' id='word_1_135' title='bbox 850 2085 896 2140; x_wconf 91' lang='lat' dir='ltr'>hic</span> <span class='ocrx_word' id='word_1_136' title='bbox 910 2103 1058 2156; x_wconf 91' lang='lat' dir='ltr'>puerorum</span> <span class='ocrx_word' id='word_1_137' title='bbox 1070 2107 1077 2152; x_wconf 89' lang='lat'>;</span> 
     </span>
     <span class='ocr_line' id='line_1_21' title="bbox 341 2168 1111 2242; baseline 0 -18"><span class='ocrx_word' id='word_1_138' title='bbox 341 2171 425 2224; x_wconf 87' lang='lat' dir='ltr'>Hunc</span> <span class='ocrx_word' id='word_1_139' title='bbox 438 2169 513 2239; x_wconf 89' lang='lat' dir='ltr'>capit</span> <span class='ocrx_word' id='word_1_140' title='bbox 526 2169 633 2238; x_wconf 84' lang='lat' dir='ltr'>argenti</span> <span class='ocrx_word' id='word_1_141' title='bbox 646 2168 795 2238; x_wconf 89' lang='lat' dir='ltr'>splendor;</span> <span class='ocrx_word' id='word_1_142' title='bbox 815 2177 907 2238; x_wconf 93' lang='lat' dir='ltr'>stupet</span> <span class='ocrx_word' id='word_1_143' title='bbox 916 2169 1017 2242; x_wconf 88' lang='lat' dir='ltr'>Albius</span> <span class='ocrx_word' id='word_1_144' title='bbox 1031 2187 1093 2224; x_wconf 92' lang='lat' dir='ltr'>aere</span> <span class='ocrx_word' id='word_1_145' title='bbox 1104 2189 1111 2234; x_wconf 92' lang='lat'>;</span> 
     </span>
     <span class='ocr_line' id='line_1_22' title="bbox 342 2253 1066 2324; baseline 0 -17"><span class='ocrx_word' id='word_1_146' title='bbox 342 2254 398 2308; x_wconf 90' lang='lat' dir='ltr'>Hic</span> <span class='ocrx_word' id='word_1_147' title='bbox 411 2263 500 2307; x_wconf 89' lang='lat' dir='ltr'>mutat</span> <span class='ocrx_word' id='word_1_148' title='bbox 512 2269 618 2306; x_wconf 89' lang='lat' dir='ltr'>merces</span> <span class='ocrx_word' id='word_1_149' title='bbox 633 2262 762 2322; x_wconf 86' lang='lat' dir='ltr'>surgente</span> <span class='ocrx_word' id='word_1_150' title='bbox 775 2270 792 2305; x_wconf 90' lang='lat' dir='ltr'>a</span> <span class='ocrx_word' id='word_1_151' title='bbox 805 2254 871 2320; x_wconf 90' lang='lat' dir='ltr'>sole,</span> <span class='ocrx_word' id='word_1_152' title='bbox 884 2253 921 2306; x_wconf 90' lang='lat' dir='ltr'>ad</span> <span class='ocrx_word' id='word_1_153' title='bbox 934 2270 998 2307; x_wconf 91' lang='lat' dir='ltr'>eum</span> <span class='ocrx_word' id='word_1_154' title='bbox 1011 2271 1066 2324; x_wconf 92' lang='lat' dir='ltr'>quo</span> 
     </span>
     <span class='ocr_line' id='line_1_23' title="bbox 339 2335 1080 2407; baseline 0.003 -18"><span class='ocrx_word' id='word_1_155' title='bbox 339 2336 505 2407; x_wconf 89' lang='lat' dir='ltr'>Vespertina</span> <span class='ocrx_word' id='word_1_156' title='bbox 517 2346 593 2406; x_wconf 92' lang='lat' dir='ltr'>tepet</span> <span class='ocrx_word' id='word_1_157' title='bbox 605 2335 681 2405; x_wconf 88' lang='lat' dir='ltr'>regio</span> <span class='ocrx_word' id='word_1_158' title='bbox 692 2355 700 2401; x_wconf 87' lang='lat'>;</span> <span class='ocrx_word' id='word_1_159' title='bbox 718 2336 785 2406; x_wconf 92' lang='lat' dir='ltr'>quin</span> <span class='ocrx_word' id='word_1_160' title='bbox 798 2353 848 2405; x_wconf 93' lang='lat' dir='ltr'>per</span> <span class='ocrx_word' id='word_1_161' title='bbox 860 2338 935 2390; x_wconf 89' lang='lat' dir='ltr'>mala</span> <span class='ocrx_word' id='word_1_162' title='bbox 946 2354 1080 2407; x_wconf 89' lang='lat' dir='ltr'>praeceps</span> 
     </span>
     <span class='ocr_line' id='line_1_24' title="bbox 341 2419 1007 2490; baseline 0.002 -17"><span class='ocrx_word' id='word_1_163' title='bbox 341 2422 447 2488; x_wconf 89' lang='lat' dir='ltr'>Fertur,</span> <span class='ocrx_word' id='word_1_164' title='bbox 461 2419 500 2473; x_wconf 94' lang='lat' dir='ltr'>uti</span> <span class='ocrx_word' id='word_1_165' title='bbox 512 2419 602 2489; x_wconf 93' lang='lat' dir='ltr'>pulvis</span> <span class='ocrx_word' id='word_1_166' title='bbox 616 2420 748 2473; x_wconf 90' lang='lat' dir='ltr'>collectus</span> <span class='ocrx_word' id='word_1_167' title='bbox 761 2420 879 2487; x_wconf 90' lang='lat' dir='ltr'>turbine,</span> <span class='ocrx_word' id='word_1_168' title='bbox 892 2421 1007 2490; x_wconf 92' lang='lat' dir='ltr'>nequid</span> 
     </span>
    </p>

    <p class='ocr_par' dir='ltr' id='par_1_12' title="bbox 341 2500 1060 2655">
     <span class='ocr_line' id='line_1_25' title="bbox 341 2500 1060 2571; baseline -0.003 -14"><span class='ocrx_word' id='word_1_169' title='bbox 341 2504 458 2557; x_wconf 89' lang='lat' dir='ltr'>Summa</span> <span class='ocrx_word' id='word_1_170' title='bbox 469 2500 604 2571; x_wconf 90' lang='lat' dir='ltr'>deperdat</span> <span class='ocrx_word' id='word_1_171' title='bbox 616 2509 752 2569; x_wconf 91' lang='lat' dir='ltr'>metuens,</span> <span class='ocrx_word' id='word_1_172' title='bbox 765 2512 812 2555; x_wconf 90' lang='lat' dir='ltr'>aut</span> <span class='ocrx_word' id='word_1_173' title='bbox 825 2502 939 2571; x_wconf 87' lang='lat' dir='ltr'>ampliet</span> <span class='ocrx_word' id='word_1_174' title='bbox 952 2511 982 2556; x_wconf 95' lang='lat' dir='ltr'>ut</span> <span class='ocrx_word' id='word_1_175' title='bbox 994 2519 1060 2555; x_wconf 90' lang='lat' dir='ltr'>rem.</span> 
     </span>
     <span class='ocr_line' id='line_1_26' title="bbox 341 2584 961 2655; baseline -0.003 -15"><span class='ocrx_word' id='word_1_176' title='bbox 341 2589 447 2641; x_wconf 91' lang='lat' dir='ltr'>Omnes</span> <span class='ocrx_word' id='word_1_177' title='bbox 459 2586 489 2639; x_wconf 89' lang='lat' dir='ltr'>hi</span> <span class='ocrx_word' id='word_1_178' title='bbox 502 2594 630 2639; x_wconf 91' lang='lat' dir='ltr'>metuunt</span> <span class='ocrx_word' id='word_1_179' title='bbox 642 2602 746 2652; x_wconf 89' lang='lat' dir='ltr'>versus,</span> <span class='ocrx_word' id='word_1_180' title='bbox 759 2584 843 2639; x_wconf 91' lang='lat' dir='ltr'>odere</span> <span class='ocrx_word' id='word_1_181' title='bbox 855 2591 961 2655; x_wconf 69' lang='lat' dir='ltr'>poetas.</span> 
     </span>
    </p>

    <p class='ocr_par' dir='ltr' id='par_1_13' title="bbox 341 2667 1156 2824">
     <span class='ocr_line' id='line_1_27' title="bbox 341 2667 1156 2737; baseline -0.001 -15"><span class='ocrx_word' id='word_1_182' title='bbox 341 2671 467 2723; x_wconf 89' lang='lat' dir='ltr'>Faenum</span> <span class='ocrx_word' id='word_1_183' title='bbox 479 2669 564 2722; x_wconf 92' lang='lat' dir='ltr'>habet</span> <span class='ocrx_word' id='word_1_184' title='bbox 577 2668 605 2721; x_wconf 94' lang='lat' dir='ltr'>in</span> <span class='ocrx_word' id='word_1_185' title='bbox 618 2684 712 2736; x_wconf 90' lang='lat' dir='ltr'>cornu,</span> <span class='ocrx_word' id='word_1_186' title='bbox 725 2669 807 2737; x_wconf 86' lang='lat' dir='ltr'>longe</span> <span class='ocrx_word' id='word_1_187' title='bbox 819 2668 892 2737; x_wconf 86' lang='lat' dir='ltr'>fuge,</span> <span class='ocrx_word' id='word_1_188' title='bbox 905 2667 1057 2722; x_wconf 90' lang='lat' dir='ltr'>dummodo</span> <span class='ocrx_word' id='word_1_189' title='bbox 1069 2668 1156 2722; x_wconf 90' lang='lat' dir='ltr'>risum</span> 
     </span>
     <span class='ocr_line' id='line_1_28' title="bbox 342 2751 1047 2824; baseline 0.001 -20"><span class='ocrx_word' id='word_1_190' title='bbox 342 2752 472 2823; x_wconf 79' lang='lat' dir='ltr'>Excutiat</span> <span class='ocrx_word' id='word_1_191' title='bbox 486 2751 547 2818; x_wconf 92' lang='lat' dir='ltr'>sibi,</span> <span class='ocrx_word' id='word_1_192' title='bbox 560 2768 617 2804; x_wconf 93' lang='lat' dir='ltr'>non</span> <span class='ocrx_word' id='word_1_193' title='bbox 629 2751 675 2804; x_wconf 91' lang='lat' dir='ltr'>hic</span> <span class='ocrx_word' id='word_1_194' title='bbox 688 2751 818 2821; x_wconf 89' lang='lat' dir='ltr'>cuiquam</span> <span class='ocrx_word' id='word_1_195' title='bbox 830 2760 926 2824; x_wconf 81' lang='lat' dir='ltr'>parcet</span> <span class='ocrx_word' id='word_1_196' title='bbox 939 2751 1047 2805; x_wconf 91' lang='lat' dir='ltr'>amico:</span> 
     </span>
    </p>

    <p class='ocr_par' dir='ltr' id='par_1_14' title="bbox 341 2833 1049 2985">
     <span class='ocr_line' id='line_1_29' title="bbox 341 2833 1049 2904; baseline -0.003 -15"><span class='ocrx_word' id='word_1_197' title='bbox 341 2837 387 2902; x_wconf 91' lang='lat' dir='ltr'>Et,</span> <span class='ocrx_word' id='word_1_198' title='bbox 401 2833 586 2904; x_wconf 89' lang='lat' dir='ltr'>quodcunque</span> <span class='ocrx_word' id='word_1_199' title='bbox 599 2834 684 2886; x_wconf 90' lang='lat' dir='ltr'>semel</span> <span class='ocrx_word' id='word_1_200' title='bbox 697 2833 801 2886; x_wconf 90' lang='lat' dir='ltr'>chartis</span> <span class='ocrx_word' id='word_1_201' title='bbox 815 2833 938 2901; x_wconf 74' lang='lat' dir='ltr'>illeverit,</span> <span class='ocrx_word' id='word_1_202' title='bbox 952 2851 1049 2896; x_wconf 86' lang='lat' dir='ltr'>omnes</span> 
     </span>
     <span class='ocr_line' id='line_1_30' title="bbox 342 2914 954 2985; baseline -0.003 -15"><span class='ocrx_word' id='word_1_203' title='bbox 342 2917 449 2970; x_wconf 92' lang='lat' dir='ltr'>Gestiet</span> <span class='ocrx_word' id='word_1_204' title='bbox 462 2933 480 2968; x_wconf 88' lang='lat' dir='ltr'>a</span> <span class='ocrx_word' id='word_1_205' title='bbox 492 2915 572 2969; x_wconf 80' lang='lat' dir='ltr'>furno</span> <span class='ocrx_word' id='word_1_206' title='bbox 585 2915 732 2968; x_wconf 92' lang='lat' dir='ltr'>redeuntes</span> <span class='ocrx_word' id='word_1_207' title='bbox 745 2915 816 2968; x_wconf 89' lang='lat' dir='ltr'>scire</span> <span class='ocrx_word' id='word_1_208' title='bbox 828 2914 954 2985; x_wconf 84' lang='lat' dir='ltr'>lacuque,</span> 
     </span>
    </p>
   </div>
   <div class='ocr_carea' id='block_1_3' title="bbox 341 2991 1192 3567">
    <p class='ocr_par' dir='ltr' id='par_1_15' title="bbox 341 2991 1154 3398">
     <span class='ocr_line' id='line_1_31' title="bbox 343 2991 1124 3070; baseline 0.001 -19"><span class='ocrx_word' id='word_1_209' title='bbox 343 3000 380 3052; x_wconf 91' lang='lat' dir='ltr'>Et</span> <span class='ocrx_word' id='word_1_210' title='bbox 392 2991 493 3068; x_wconf 84' lang='lat' dir='ltr'>pueros</span> <span class='ocrx_word' id='word_1_211' title='bbox 506 3007 533 3051; x_wconf 91' lang='lat' dir='ltr'>et</span> <span class='ocrx_word' id='word_1_212' title='bbox 546 3015 623 3052; x_wconf 90' lang='lat' dir='ltr'>anus.</span> <span class='ocrx_word' id='word_1_213' title='bbox 659 2998 797 3066; x_wconf 88' lang='lat' dir='ltr'>Agedum,</span> <span class='ocrx_word' id='word_1_214' title='bbox 809 3005 901 3070; x_wconf 78' lang='lat' dir='ltr'>pauca</span> <span class='ocrx_word' id='word_1_215' title='bbox 912 2998 1009 3067; x_wconf 90' lang='lat' dir='ltr'>accipe</span> <span class='ocrx_word' id='word_1_216' title='bbox 1020 3005 1124 3064; x_wconf 80' lang='lat' dir='ltr'>contra</span> 
     </span>
     <span class='ocr_line' id='line_1_32' title="bbox 342 3071 1154 3151; baseline -0.002 -16"><span class='ocrx_word' id='word_1_217' title='bbox 342 3071 466 3148; x_wconf 82' lang='lat' dir='ltr'>Primum</span> <span class='ocrx_word' id='word_1_218' title='bbox 479 3097 531 3150; x_wconf 89' lang='lat' dir='ltr'>ego</span> <span class='ocrx_word' id='word_1_219' title='bbox 543 3098 589 3134; x_wconf 90' lang='lat' dir='ltr'>me</span> <span class='ocrx_word' id='word_1_220' title='bbox 601 3080 719 3148; x_wconf 89' lang='lat' dir='ltr'>illorum,</span> <span class='ocrx_word' id='word_1_221' title='bbox 733 3080 857 3134; x_wconf 89' lang='lat' dir='ltr'>dederim</span> <span class='ocrx_word' id='word_1_222' title='bbox 870 3081 970 3151; x_wconf 91' lang='lat' dir='ltr'>quibus</span> <span class='ocrx_word' id='word_1_223' title='bbox 983 3097 1045 3134; x_wconf 92' lang='lat' dir='ltr'>esse</span> <span class='ocrx_word' id='word_1_224' title='bbox 1056 3080 1154 3150; x_wconf 77' lang='lat' dir='ltr'>po‘e&#39;tiS,</span> 
     </span>
     <span class='ocr_line' id='line_1_33' title="bbox 341 3163 1143 3235; baseline -0.002 -16"><span class='ocrx_word' id='word_1_225' title='bbox 341 3169 499 3234; x_wconf 86' lang='lat' dir='ltr'>Excerpam</span> <span class='ocrx_word' id='word_1_226' title='bbox 511 3181 643 3219; x_wconf 89' lang='lat' dir='ltr'>numero:</span> <span class='ocrx_word' id='word_1_227' title='bbox 664 3181 755 3235; x_wconf 93' lang='lat' dir='ltr'>neque</span> <span class='ocrx_word' id='word_1_228' title='bbox 768 3163 844 3218; x_wconf 89' lang='lat' dir='ltr'>enim</span> <span class='ocrx_word' id='word_1_229' title='bbox 855 3163 1021 3230; x_wconf 84' lang='lat' dir='ltr'>concludere</span> <span class='ocrx_word' id='word_1_230' title='bbox 1032 3180 1143 3220; x_wconf 86' lang='lat' dir='ltr'>versum</span> 
     </span>
     <span class='ocr_line' id='line_1_34' title="bbox 342 3237 1091 3320; baseline -0.001 -19"><span class='ocrx_word' id='word_1_231' title='bbox 342 3247 451 3301; x_wconf 91' lang='lat' dir='ltr'>Dixeris</span> <span class='ocrx_word' id='word_1_232' title='bbox 466 3263 527 3300; x_wconf 91' lang='lat' dir='ltr'>esse</span> <span class='ocrx_word' id='word_1_233' title='bbox 540 3247 627 3320; x_wconf 57' lang='lat' dir='ltr'>satis,</span> <span class='ocrx_word' id='word_1_234' title='bbox 645 3252 744 3317; x_wconf 81' lang='lat' dir='ltr'>ireque,</span> <span class='ocrx_word' id='word_1_235' title='bbox 756 3246 780 3300; x_wconf 91' lang='lat' dir='ltr'>si</span> <span class='ocrx_word' id='word_1_236' title='bbox 794 3246 841 3317; x_wconf 87' lang='lat' dir='ltr'>qui</span> <span class='ocrx_word' id='word_1_237' title='bbox 855 3239 973 3314; x_wconf 71' lang='lat' dir='ltr'>scribat,⁴</span> <span class='ocrx_word' id='word_1_238' title='bbox 978 3246 1018 3300; x_wconf 92' lang='lat' dir='ltr'>uti</span> <span class='ocrx_word' id='word_1_239' title='bbox 1031 3237 1091 3313; x_wconf 77' lang='lat' dir='ltr'>noS,</span> 
     </span>
     <span class='ocr_line' id='line_1_35' title="bbox 341 3328 1005 3398; baseline 0 -16"><span class='ocrx_word' id='word_1_240' title='bbox 341 3328 468 3387; x_wconf 89' lang='lat' dir='ltr'>Sermoni</span> <span class='ocrx_word' id='word_1_241' title='bbox 481 3329 619 3397; x_wconf 91' lang='lat' dir='ltr'>propiora,</span> <span class='ocrx_word' id='word_1_242' title='bbox 631 3338 712 3398; x_wconf 90' lang='lat' dir='ltr'>putes</span> <span class='ocrx_word' id='word_1_243' title='bbox 724 3329 799 3383; x_wconf 91' lang='lat' dir='ltr'>hunc</span> <span class='ocrx_word' id='word_1_244' title='bbox 812 3346 873 3383; x_wconf 91' lang='lat' dir='ltr'>esse</span> <span class='ocrx_word' id='word_1_245' title='bbox 885 3334 1005 3398; x_wconf 66' lang='lat' dir='ltr'>poetam.</span> 
     </span>
    </p>

    <p class='ocr_par' dir='ltr' id='par_1_16' title="bbox 342 3399 1034 3482">
     <span class='ocr_line' id='line_1_36' title="bbox 342 3399 1034 3482; baseline -0.003 -16"><span class='ocrx_word' id='word_1_246' title='bbox 342 3412 490 3481; x_wconf 90' lang='lat' dir='ltr'>Ingenium</span> <span class='ocrx_word' id='word_1_247' title='bbox 503 3411 546 3464; x_wconf 91' lang='lat' dir='ltr'>cui</span> <span class='ocrx_word' id='word_1_248' title='bbox 560 3411 604 3478; x_wconf 92' lang='lat' dir='ltr'>sit,</span> <span class='ocrx_word' id='word_1_249' title='bbox 617 3411 661 3464; x_wconf 92' lang='lat' dir='ltr'>cui</span> <span class='ocrx_word' id='word_1_250' title='bbox 674 3399 753 3465; x_wconf 81' lang='lat' dir='ltr'>mens</span> <span class='ocrx_word' id='word_1_251' title='bbox 766 3411 989 3482; x_wconf 54' lang='lat' dir='ltr'>divinior‚‚atque</span> <span class='ocrx_word' id='word_1_252' title='bbox 1002 3429 1034 3474; x_wconf 68' lang='grc' dir='ltr'>οε</span> 
     </span>
    </p>

    <p class='ocr_par' dir='ltr' id='par_1_17' title="bbox 343 3494 1192 3567">
     <span class='ocr_line' id='line_1_37' title="bbox 343 3494 1192 3567; baseline -0.001 -17"><span class='ocrx_word' id='word_1_253' title='bbox 343 3497 449 3564; x_wconf 87' lang='lat' dir='ltr'>Magna</span> <span class='ocrx_word' id='word_1_254' title='bbox 461 3501 633 3560; x_wconf 87' lang='lat' dir='ltr'>sonaturum,</span> <span class='ocrx_word' id='word_1_255' title='bbox 645 3494 696 3547; x_wconf 90' lang='lat' dir='ltr'>des</span> <span class='ocrx_word' id='word_1_256' title='bbox 709 3494 832 3548; x_wconf 89' lang='lat' dir='ltr'>nominis</span> <span class='ocrx_word' id='word_1_257' title='bbox 845 3494 927 3566; x_wconf 75' lang='lat' dir='ltr'>hujus</span> <span class='ocrx_word' id='word_1_258' title='bbox 940 3495 1084 3549; x_wconf 88' lang='lat' dir='ltr'>honorem.</span> <span class='ocrx_word' id='word_1_259' title='bbox 1169 3531 1192 3567; x_wconf 82' lang='lat'>4,</span> 
     </span>
    </p>
   </div>
   <div class='ocr_carea' id='block_1_4' title="bbox 0 0 1406 4176">
    <p class='ocr_par' dir='ltr' id='par_1_18' title="bbox 0 0 1406 4176">
     <span class='ocr_line' id='line_1_38' title="bbox 0 0 1406 4176; baseline 0 0"><span class='ocrx_word' id='word_1_260' title='bbox 0 0 1406 4176; x_wconf 95' lang='lat' dir='ltr'> </span> 
     </span>
    </p>
   </div>
  </div>
 </body>
</html>
