2792 4168
486 472 586 516 irena.
632 471 764 516 canuuu
787 470 852 513 vin.
1032 470 1089 530 153

370 603 446 669 Non,
459 609 489 656 ut
502 601 637 670 superbas
649 600 761 655 invidae
774 599 956 669 Karthaginis

405 685 550 738 Romanus
563 700 641 738 arces
654 692 745 737 ureret
756 702 764 748 ;

371 769 497 822 Intactus
510 775 558 821 aut
572 766 723 820 Britannus
735 775 766 820 ut
778 764 961 821 descenderet

406 851 493 904 Sacra
505 858 649 905 catenatus
661 849 708 902 via
720 867 727 913 ;

371 932 428 987 Sed
441 942 479 1000 ut,
493 931 647 987 secuudum
659 941 725 986 vota
739 931 913 998 Parthorum,
926 948 977 986 sua

407 1017 484 1071 Urbs
496 1017 566 1070 haec
579 1015 682 1085 periret
695 1015 816 1069 dextera.

371 1099 472 1171 Neque
483 1099 530 1153 hic
542 1098 615 1169 lupis
628 1115 698 1165 mos,
711 1114 763 1151 nec
776 1097 828 1152 fuit
839 1097 976 1165 leonibus

407 1184 542 1253 Unquam
554 1181 609 1235 nisi
623 1181 652 1234 in
665 1181 762 1250 dispar
775 1180 847 1235 feris.

372 1267 497 1320 Furome
509 1281 618 1332 caecus,
630 1280 667 1318 an
679 1263 753 1333 rapit
764 1263 807 1317 vis
819 1263 928 1318 acrior?

405 1350 451 1402 An
463 1348 564 1417 culpa?
601 1348 780 1416 Responsum
792 1346 865 1401 date.

371 1433 496 1486 Tacent:
516 1439 544 1485 et
557 1430 638 1484 albus
651 1447 701 1484 ora
712 1430 803 1499 pallor
815 1429 911 1496 inficit,

408 1515 574 1584 Mentesque
587 1513 732 1582 perculsae
744 1521 864 1583 stupent.

372 1597 420 1653 Sic
432 1607 492 1651 est:
513 1597 615 1650 acerba
626 1595 685 1650 lata
699 1597 843 1649 Romanos
856 1604 943 1665 agunt

407 1681 559 1751 Scelusque
571 1678 709 1733 fraternae
721 1678 807 1746 necis,

373 1766 414 1820 Ut
427 1764 599 1820 immerentis
612 1763 690 1817 fluxit
703 1762 732 1817 in
744 1772 848 1818 terram
862 1762 945 1818 Remi

407 1849 493 1902 Sacer
505 1847 655 1918 nepotibus
667 1862 756 1901 cruor.

519 2033 706 2087 CARMEN
736 2032 829 2086 VIII.

484 2165 518 2207 IN
537 2165 631 2208 ANUM
649 2164 863 2208 LIBIDINOSAM.

375 2273 506 2326 ROGARE
518 2271 603 2339 longo
615 2270 743 2340 putidam
755 2282 784 2324 te
797 2271 899 2337 seculo,

409 2354 490 2407 Vires
503 2353 571 2423 quid
583 2363 695 2406 enervet
707 2354 804 2406 meas?

377 2436 449 2490 Cum
462 2435 499 2490 sit
511 2435 563 2489 tibi
576 2435 646 2489 dens
659 2443 726 2502 ater,
740 2443 768 2488 et
780 2433 856 2503 mgis
868 2443 948 2489 vetus

411 2520 545 2573 Frontem
559 2526 688 2572 senectus
701 2527 812 2581 exaret;

376 2601 499 2673 Hietque
511 2601 600 2671 turpis
613 2601 686 2654 inter
699 2600 792 2654 aridas
805 2609 885 2654 nates

413 2683 517 2749 Podex,
529 2685 604 2738 velut
617 2681 720 2738 crudae
731 2682 819 2736 bovis.

378 2767 435 2822 Sed
449 2767 546 2821 incitat
559 2783 604 2821 me
617 2774 723 2836 pectus,
736 2775 764 2821 et
775 2781 917 2820 mammae
929 2774 1033 2836 putres,

415 2850 528 2921 Equina
539 2850 635 2921 quales
648 2849 743 2917 ubera,

377 2935 537 3004 Venterque
548 2932 641 2986 mollis
655 2941 683 2986 et
695 2931 785 2986 femur
797 2931 969 2986 tumentibus

413 3016 492 3070 Exile
505 3016 576 3070 suris
589 3015 724 3069 additum.

379 3101 449 3154 Esto
461 3099 563 3164 beata;
582 3097 664 3152 funus
677 3108 761 3168 atque
774 3097 911 3166 imagines

415 3185 527 3238 Ducant
540 3183 723 3253 triumphales
735 3191 815 3236 tuum
826 3200 834 3246 ;

380 3268 442 3322 Nec
455 3265 491 3321 sit
503 3265 612 3333 marita,
625 3281 697 3337 quae
709 3263 919 3319 rotundioribus

416 3351 527 3405 Onusta
537 3349 616 3404 bacis
629 3347 761 3402 ambulet.

380 3433 464 3504 Quid,
477 3433 552 3505 quod
565 3431 651 3486 libelli
665 3430 752 3485 Stoici
765 3430 837 3484 inter
851 3430 955 3485 sericos

413 3518 511 3587 Jacere
522 3516 652 3587 pulvillos
664 3513 781 3570 amant?
