2804 4176
460 465 552 508 mssa
576 465 607 507 11.
654 465 766 509 sxrrax
790 466 822 509 11.
1014 465 1071 522 203

219 595 317 647 Donec
330 609 380 646 vos
393 602 489 647 auctor
502 592 596 647 docuit
608 593 771 661 praetorius
809 595 885 662 Ergo

219 675 249 730 Si
262 675 324 747 quis
336 692 409 729 nunc
422 691 533 744 mergos
547 691 645 729 suaves
659 675 774 729 edixerit
786 692 874 742 assos,

220 758 333 813 Parebit
345 759 424 828 pravi
437 757 537 812 docilis
551 760 681 812 Romana
690 759 829 828 juventus.

220 842 355 896 Sordidus
368 859 385 895 a
397 843 473 896 tenui
485 842 560 896 victu
572 841 697 909 distabit,
712 841 802 896 Ofello

217 925 333 994 Judice:
353 942 421 978 nam
433 925 534 979 frustra
546 926 645 980 vitium
656 925 787 980 vitaveris
800 924 878 991 illud,

221 1009 251 1062 Si
265 1018 293 1062 te
306 1009 361 1063 alio
374 1026 490 1078 pravum
503 1009 661 1063 detorseris.
698 1009 860 1076 Avidienus,

221 1092 273 1146 Cui
287 1092 372 1146 Canis
386 1108 419 1146 ex
433 1109 498 1145 vero
511 1091 617 1146 dictum
630 1108 786 1162 cognomen
799 1091 940 1156 adhaeret,
962 1091 966 1140 ἱ

222 1174 424 1244 Quinquennes
437 1175 513 1228 oleas
526 1185 578 1242 est,
591 1184 619 1228 et
631 1175 769 1229 silvestria
781 1191 884 1238 coma;

220 1258 270 1324 Ac,
283 1256 337 1310 nisi
350 1266 496 1325 mutatum,
509 1258 599 1327 parcit
612 1258 763 1313 defundere
775 1257 871 1311 vinum
883 1275 890 1321 ;
909 1264 937 1310 et

222 1339 307 1409 Cujus
320 1340 435 1394 odorem
448 1341 502 1394 olei
517 1357 639 1410 nequeas
651 1340 771 1411 perferre
784 1338 888 1408 (licebit

223 1422 272 1476 Ille
284 1422 400 1491 repotia,
413 1423 520 1477 natales
533 1423 638 1477 aliosve
650 1422 758 1477 dierum

222 1505 322 1559 Festos
334 1504 445 1559 albatus
458 1505 590 1574 celebret)
604 1523 690 1560 comu
703 1506 763 1576 ipse
774 1504 868 1559 bilibri

222 1587 355 1641 Caulibus
368 1588 492 1656 instillat,
505 1589 605 1643 veteris
618 1606 675 1642 non
687 1605 789 1658 parcus
802 1587 883 1641 aceti.

222 1671 305 1741 Quali
318 1671 400 1741 igitur
412 1672 487 1726 victu
499 1673 612 1742 sapiens
624 1673 738 1726 utetur?
757 1671 898 1725 ethorum

223 1755 326 1809 Utrum
338 1755 512 1810 imitabitur?
551 1757 614 1810 Hac
627 1765 706 1825 urget
718 1756 808 1824 lupus,
821 1754 874 1807 hac
886 1753 973 1820 canis,
986 1752 1070 1807 aiunt.

223 1838 346 1892 Mundus
359 1839 418 1906 erit,
432 1839 479 1908 qui
492 1856 548 1893 non
561 1839 685 1894 offendat
698 1839 828 1893 sordibus
840 1846 924 1906 atque

223 1922 256 1975 ln
269 1931 396 1976 neutram
408 1933 517 1992 partem
530 1925 619 1978 cultus
632 1924 722 1978 miser.
762 1922 818 1976 Hic
830 1938 922 1993 neque
934 1920 1029 1988 servis,

222 2003 318 2058 Albuti
331 2006 405 2058 senis
418 2005 553 2075 exemplo,
566 2005 633 2061 dum
646 2006 742 2060 munia
755 2005 834 2073 didit,

224 2087 329 2140 Saevus
342 2087 393 2140 erit
404 2107 411 2151 ;
430 2104 482 2141 nec
495 2088 534 2142 sic
547 2098 578 2142 ut
591 2088 708 2158 simplex
722 2088 846 2141 Naevius
858 2095 972 2142 unctam
983 2086 990 2140 ἵ

225 2169 356 2222 Convivis
364 2170 508 2238 praebebit
516 2187 633 2241 aquam:
645 2170 804 2224 vitiumhoc
813 2187 923 2241 quoque
931 2186 1073 2239 magnum.

224 2250 328 2320 Accipe
339 2268 422 2318 nunc,
435 2252 524 2306 victus
537 2251 628 2306 tenuis
642 2268 713 2322 quae
726 2261 885 2321 quantaque
898 2267 999 2310 secum

223 2332 335 2387 Afferat.
374 2334 515 2403 Imprimis
527 2335 621 2388 valeas
633 2335 723 2399 bene;
742 2351 817 2401 nam,
829 2333 923 2388 variae
935 2350 978 2387 res

225 2416 266 2470 Ut
278 2426 398 2471 noceant
410 2417 525 2485 homini,
538 2417 644 2485 credas,
656 2433 764 2470 memor
776 2415 849 2470 illius
862 2432 951 2482 escae,

226 2501 304 2568 Quae
317 2499 433 2569 simplex
445 2499 512 2553 olim
524 2499 575 2553 tibi
588 2500 707 2554 sederit:
727 2507 756 2552 at
769 2498 852 2552 simul
863 2498 935 2552 assis

226 2581 372 2636 Miscueris
385 2583 463 2650 elixa,
477 2583 560 2636 simul
571 2582 718 2650 conchylia
730 2581 826 2648 turdis,

227 2665 328 2718 Dulcia
340 2682 370 2718 se
382 2665 411 2719 in
423 2666 509 2720 bilem
520 2674 637 2733 vertent,
650 2665 849 2736 stomachoque
861 2664 1010 2718 tumultum

226 2748 314 2802 Lenta
325 2747 393 2802 seret
405 2748 512 2817 pituita.
548 2748 643 2815 Vides,
655 2758 687 2803 ut
698 2747 818 2818 pallidus
831 2747 922 2800 omnis

226 2832 321 2886 Coena
333 2831 464 2900 desurgat
476 2831 582 2886 dubia?
622 2832 696 2902 Quin
708 2847 808 2900 corpus
821 2839 952 2884 onustum

228 2914 374 2968 Hestemis
386 2914 460 2968 vitiis
472 2915 597 2969 animum
609 2931 719 2986 quoque
730 2921 894 2984 praegravat
906 2929 970 2979 una,

226 2998 318 3068 Atque
330 2996 417 3066 affigit
429 2998 514 3052 humo
527 2997 638 3052 divinae
650 2996 815 3066 particulam
824 3012 914 3050 aurae.

226 3079 312 3146 Alter,
324 3080 372 3134 ubi
384 3080 460 3134 dicto
473 3080 553 3135 citius
565 3089 662 3134 curata
674 3079 767 3149 sopori

228 3164 359 3217 Membra
370 3163 455 3232 dedit,
468 3173 582 3233 vegetus
594 3164 765 3235 praescripta
777 3162 813 3216 ad
825 3162 922 3220 munia
934 3161 1028 3231 surgit.

228 3246 284 3300 Hic
297 3255 392 3300 tamen
404 3247 440 3300 ad
452 3247 550 3301 melius
563 3246 664 3316 poterit
676 3256 863 3301 transcurrere
874 3249 1026 3318 quondam,

229 3329 293 3383 Sive
304 3329 379 3384 diem
391 3329 493 3383 festum
505 3329 615 3384 rediens
627 3329 768 3384 advexerit
780 3345 879 3397 annus,

229 3413 284 3467 Seu
295 3429 420 3467 recreare
431 3413 506 3466 volet
518 3422 663 3467 tenuatum
674 3428 774 3482 corpus
785 3430 792 3477 ;
811 3411 914 3483 ubique

227 3497 371 3552 Accedent
381 3497 456 3565 anni,
469 3505 497 3552 et
509 3496 622 3552 tractari
634 3496 744 3551 mollius
757 3505 834 3558 aetas
