<?xml version="1.0" encoding="UTF-8"?>
<!DOCTYPE html PUBLIC "-//W3C//DTD XHTML 1.0 Transitional//EN"
    "http://www.w3.org/TR/xhtml1/DTD/xhtml1-transitional.dtd">
<html xmlns="http://www.w3.org/1999/xhtml" xml:lang="en" lang="en">
 <head>
  <title>
</title>
<meta http-equiv="Content-Type" content="text/html;charset=utf-8" />
  <meta name='ocr-system' content='tesseract 3.04.00' />
  <meta name='ocr-capabilities' content='ocr_page ocr_carea ocr_par ocr_line ocrx_word'/>
</head>
<body>
  <div class='ocr_page' id='page_1' title='image "./quintihoratiifl00milmgoog_0242.png"; bbox 0 0 2804 4176; ppageno 0'>
   <div class='ocr_carea' id='block_1_1' title="bbox 484 465 1084 525">
    <p class='ocr_par' dir='ltr' id='par_1_1' title="bbox 484 465 1084 525">
     <span class='ocr_line' id='line_1_1' title="bbox 484 465 1084 525; baseline 0 -15"><span class='ocrx_word' id='word_1_1' title='bbox 484 465 578 510; x_wconf 84' lang='lat' dir='ltr'>LIBER</span> <span class='ocrx_word' id='word_1_2' title='bbox 600 469 631 512; x_wconf 91' lang='lat'><strong>11.</strong></span> <span class='ocrx_word' id='word_1_3' title='bbox 677 466 788 512; x_wconf 83' lang='lat' dir='ltr'>SATIRA</span> <span class='ocrx_word' id='word_1_4' title='bbox 809 469 836 512; x_wconf 87' lang='lat' dir='ltr'><strong>V.</strong></span> <span class='ocrx_word' id='word_1_5' title='bbox 1025 469 1084 525; x_wconf 87' lang='lat'><strong>219</strong></span> 
     </span>
    </p>
   </div>
   <div class='ocr_carea' id='block_1_2' title="bbox 228 598 1084 3575">
    <p class='ocr_par' dir='ltr' id='par_1_2' title="bbox 232 598 1045 1166">
     <span class='ocr_line' id='line_1_2' title="bbox 236 598 1002 670; baseline 0.003 -20"><span class='ocrx_word' id='word_1_6' title='bbox 236 598 303 650; x_wconf 94' lang='lat' dir='ltr'><strong>Non</strong></span> <span class='ocrx_word' id='word_1_7' title='bbox 316 598 385 652; x_wconf 90' lang='lat' dir='ltr'><strong>satis</strong></span> <span class='ocrx_word' id='word_1_8' title='bbox 397 607 440 652; x_wconf 91' lang='lat' dir='ltr'><strong>est</strong></span> <span class='ocrx_word' id='word_1_9' title='bbox 454 599 581 653; x_wconf 86' lang='lat' dir='ltr'><strong>Ithacam</strong></span> <span class='ocrx_word' id='word_1_10' title='bbox 594 599 696 666; x_wconf 91' lang='lat' dir='ltr'><strong>revehi,</strong></span> <span class='ocrx_word' id='word_1_11' title='bbox 708 599 869 670; x_wconf 90' lang='lat' dir='ltr'><strong>patriosque</strong></span> <span class='ocrx_word' id='word_1_12' title='bbox 883 599 1002 654; x_wconf 86' lang='lat' dir='ltr'><strong>Penates</strong></span> 
     </span>
     <span class='ocr_line' id='line_1_3' title="bbox 233 679 988 751; baseline 0.004 -18"><span class='ocrx_word' id='word_1_13' title='bbox 233 679 407 750; x_wconf 87' lang='lat' dir='ltr'><strong>Adspicere?</strong></span> <span class='ocrx_word' id='word_1_14' title='bbox 445 683 470 736; x_wconf 93' lang='lat' dir='ltr'>O</span> <span class='ocrx_word' id='word_1_15' title='bbox 483 681 551 735; x_wconf 92' lang='lat' dir='ltr'><strong>nulli</strong></span> <span class='ocrx_word' id='word_1_16' title='bbox 565 681 718 751; x_wconf 86' lang='lat' dir='ltr'><strong>quidquam</strong></span> <span class='ocrx_word' id='word_1_17' title='bbox 731 683 854 751; x_wconf 92' lang='lat' dir='ltr'><strong>mentite,</strong></span> <span class='ocrx_word' id='word_1_18' title='bbox 867 682 945 737; x_wconf 92' lang='lat' dir='ltr'><strong>vides</strong></span> <span class='ocrx_word' id='word_1_19' title='bbox 958 691 988 736; x_wconf 93' lang='lat' dir='ltr'><strong>ut</strong></span> 
     </span>
     <span class='ocr_line' id='line_1_4' title="bbox 236 762 1045 835; baseline 0.002 -19"><span class='ocrx_word' id='word_1_20' title='bbox 236 762 337 817; x_wconf 93' lang='lat' dir='ltr'><strong>Nudus</strong></span> <span class='ocrx_word' id='word_1_21' title='bbox 351 764 487 834; x_wconf 90' lang='lat' dir='ltr'>inopsque</span> <span class='ocrx_word' id='word_1_22' title='bbox 499 764 615 819; x_wconf 93' lang='lat' dir='ltr'><strong>domum</strong></span> <span class='ocrx_word' id='word_1_23' title='bbox 627 764 749 832; x_wconf 86' lang='lat' dir='ltr'><strong>redeam,</strong></span> <span class='ocrx_word' id='word_1_24' title='bbox 762 773 790 819; x_wconf 94' lang='lat' dir='ltr'><strong>te</strong></span> <span class='ocrx_word' id='word_1_25' title='bbox 801 775 873 833; x_wconf 86' lang='lat' dir='ltr'><strong>vate,</strong></span> <span class='ocrx_word' id='word_1_26' title='bbox 886 782 977 835; x_wconf 93' lang='lat' dir='ltr'><strong>neque</strong></span> <span class='ocrx_word' id='word_1_27' title='bbox 989 763 1045 818; x_wconf 90' lang='lat' dir='ltr'><strong>illic</strong></span> 
     </span>
     <span class='ocr_line' id='line_1_5' title="bbox 233 847 1003 918; baseline 0.005 -20"><span class='ocrx_word' id='word_1_28' title='bbox 233 847 291 899; x_wconf 89' lang='lat' dir='ltr'><strong>Aut</strong></span> <span class='ocrx_word' id='word_1_29' title='bbox 304 847 442 916; x_wconf 88' lang='lat' dir='ltr'><strong>apotheca</strong></span> <span class='ocrx_word' id='word_1_30' title='bbox 453 848 545 917; x_wconf 92' lang='lat' dir='ltr'><strong>procis</strong></span> <span class='ocrx_word' id='word_1_31' title='bbox 558 848 665 901; x_wconf 88' lang='lat' dir='ltr'><strong>intacta</strong></span> <span class='ocrx_word' id='word_1_32' title='bbox 676 857 727 915; x_wconf 90' lang='lat' dir='ltr'><strong>est,</strong></span> <span class='ocrx_word' id='word_1_33' title='bbox 741 857 788 902; x_wconf 90' lang='lat' dir='ltr'><strong>aut</strong></span> <span class='ocrx_word' id='word_1_34' title='bbox 800 864 886 917; x_wconf 94' lang='lat' dir='ltr'><strong>pecus</strong></span> <span class='ocrx_word' id='word_1_35' title='bbox 899 867 904 902; x_wconf 95' lang='lat'>:</span> <span class='ocrx_word' id='word_1_36' title='bbox 925 848 1003 918; x_wconf 88' lang='lat' dir='ltr'><strong>atqui</strong></span> 
     </span>
     <span class='ocr_line' id='line_1_6' title="bbox 235 931 948 1001; baseline 0.007 -20"><span class='ocrx_word' id='word_1_37' title='bbox 235 931 272 982; x_wconf 89' lang='lat' dir='ltr'><strong>Et</strong></span> <span class='ocrx_word' id='word_1_38' title='bbox 284 946 373 998; x_wconf 87' lang='lat' dir='ltr'><strong>genus</strong></span> <span class='ocrx_word' id='word_1_39' title='bbox 385 940 413 985; x_wconf 91' lang='lat' dir='ltr'><strong>et</strong></span> <span class='ocrx_word' id='word_1_40' title='bbox 425 932 521 999; x_wconf 89' lang='lat' dir='ltr'><strong>virtus,</strong></span> <span class='ocrx_word' id='word_1_41' title='bbox 535 932 588 984; x_wconf 94' lang='lat' dir='ltr'><strong>nisi</strong></span> <span class='ocrx_word' id='word_1_42' title='bbox 602 949 666 986; x_wconf 93' lang='lat' dir='ltr'><strong>cum</strong></span> <span class='ocrx_word' id='word_1_43' title='bbox 678 949 716 1000; x_wconf 91' lang='lat' dir='ltr'><strong>re,</strong></span> <span class='ocrx_word' id='word_1_44' title='bbox 728 932 809 986; x_wconf 93' lang='lat' dir='ltr'><strong>vilior</strong></span> <span class='ocrx_word' id='word_1_45' title='bbox 821 933 885 1001; x_wconf 90' lang='lat' dir='ltr'><strong>alga</strong></span> <span class='ocrx_word' id='word_1_46' title='bbox 898 941 948 986; x_wconf 90' lang='lat' dir='ltr'><strong>est.</strong></span> 
     </span>
     <span class='ocr_line' id='line_1_7' title="bbox 235 1012 951 1084; baseline 0.006 -19"><span class='ocrx_word' id='word_1_47' title='bbox 235 1012 355 1081; x_wconf 80' lang='lat' dir='ltr'><strong>Quando</strong></span> <span class='ocrx_word' id='word_1_48' title='bbox 368 1015 538 1083; x_wconf 85' lang='lat' dir='ltr'><strong>pauperiem,</strong></span> <span class='ocrx_word' id='word_1_49' title='bbox 551 1014 645 1068; x_wconf 92' lang='lat' dir='ltr'><strong>missis</strong></span> <span class='ocrx_word' id='word_1_50' title='bbox 657 1015 833 1084; x_wconf 87' lang='lat' dir='ltr'><strong>ambagibus,</strong></span> <span class='ocrx_word' id='word_1_51' title='bbox 846 1015 951 1082; x_wconf 92' lang='lat' dir='ltr'><strong>horres,</strong></span> 
     </span>
     <span class='ocr_line' id='line_1_8' title="bbox 232 1095 939 1166; baseline 0.004 -18"><span class='ocrx_word' id='word_1_52' title='bbox 232 1095 346 1165; x_wconf 88' lang='lat' dir='ltr'><strong>Accipe,</strong></span> <span class='ocrx_word' id='word_1_53' title='bbox 359 1114 415 1166; x_wconf 90' lang='lat' dir='ltr'><strong>qua</strong></span> <span class='ocrx_word' id='word_1_54' title='bbox 427 1097 534 1151; x_wconf 87' lang='lat' dir='ltr'><strong>ratione</strong></span> <span class='ocrx_word' id='word_1_55' title='bbox 547 1113 633 1166; x_wconf 86' lang='lat' dir='ltr'><strong>queas</strong></span> <span class='ocrx_word' id='word_1_56' title='bbox 647 1097 790 1152; x_wconf 89' lang='lat' dir='ltr'><strong>ditescere.</strong></span> <span class='ocrx_word' id='word_1_57' title='bbox 827 1098 939 1151; x_wconf 90' lang='lat' dir='ltr'><strong>Turdus</strong></span> 
     </span>
    </p>

    <p class='ocr_par' dir='ltr' id='par_1_3' title="bbox 234 1179 908 1248">
     <span class='ocr_line' id='line_1_9' title="bbox 234 1179 908 1248; baseline 0.003 -18"><span class='ocrx_word' id='word_1_58' title='bbox 234 1179 299 1232; x_wconf 92' lang='lat' dir='ltr'><strong>Sive</strong></span> <span class='ocrx_word' id='word_1_59' title='bbox 311 1179 388 1233; x_wconf 89' lang='lat' dir='ltr'><strong>aliud</strong></span> <span class='ocrx_word' id='word_1_60' title='bbox 400 1179 510 1248; x_wconf 91' lang='lat' dir='ltr'><strong>privum</strong></span> <span class='ocrx_word' id='word_1_61' title='bbox 523 1179 636 1232; x_wconf 91' lang='lat' dir='ltr'><strong>dabitur</strong></span> <span class='ocrx_word' id='word_1_62' title='bbox 648 1179 707 1248; x_wconf 91' lang='lat' dir='ltr'><strong>tibi,</strong></span> <span class='ocrx_word' id='word_1_63' title='bbox 721 1179 831 1233; x_wconf 90' lang='lat' dir='ltr'><strong>devolet</strong></span> <span class='ocrx_word' id='word_1_64' title='bbox 844 1180 908 1233; x_wconf 91' lang='lat' dir='ltr'><strong>illuc</strong></span> 
     </span>
    </p>

    <p class='ocr_par' dir='ltr' id='par_1_4' title="bbox 231 1261 1002 1496">
     <span class='ocr_line' id='line_1_10' title="bbox 235 1261 1002 1332; baseline 0.003 -19"><span class='ocrx_word' id='word_1_65' title='bbox 235 1261 291 1314; x_wconf 92' lang='lat' dir='ltr'><strong>Res</strong></span> <span class='ocrx_word' id='word_1_66' title='bbox 305 1261 352 1315; x_wconf 93' lang='lat' dir='ltr'><strong>ubi</strong></span> <span class='ocrx_word' id='word_1_67' title='bbox 365 1278 470 1330; x_wconf 89' lang='lat' dir='ltr'><strong>magna</strong></span> <span class='ocrx_word' id='word_1_68' title='bbox 481 1262 560 1329; x_wconf 88' lang='lat' dir='ltr'><strong>nitet,</strong></span> <span class='ocrx_word' id='word_1_69' title='bbox 574 1261 688 1315; x_wconf 90' lang='lat' dir='ltr'><strong>domino</strong></span> <span class='ocrx_word' id='word_1_70' title='bbox 701 1279 767 1315; x_wconf 93' lang='lat' dir='ltr'><strong>sene</strong></span> <span class='ocrx_word' id='word_1_71' title='bbox 778 1281 785 1327; x_wconf 91' lang='lat'>;</span> <span class='ocrx_word' id='word_1_72' title='bbox 805 1262 898 1315; x_wconf 88' lang='lat' dir='ltr'><strong>dulcia</strong></span> <span class='ocrx_word' id='word_1_73' title='bbox 909 1278 1002 1332; x_wconf 91' lang='lat' dir='ltr'><strong>poma,</strong></span> 
     </span>
     <span class='ocr_line' id='line_1_11' title="bbox 234 1343 967 1413; baseline 0.001 -17"><span class='ocrx_word' id='word_1_74' title='bbox 234 1343 272 1396; x_wconf 92' lang='lat' dir='ltr'><strong>Et</strong></span> <span class='ocrx_word' id='word_1_75' title='bbox 284 1360 465 1413; x_wconf 91' lang='lat' dir='ltr'><strong>quoscunque</strong></span> <span class='ocrx_word' id='word_1_76' title='bbox 477 1343 545 1398; x_wconf 82' lang='lat' dir='ltr'><strong>leret</strong></span> <span class='ocrx_word' id='word_1_77' title='bbox 558 1345 647 1399; x_wconf 90' lang='lat' dir='ltr'><strong>cultus</strong></span> <span class='ocrx_word' id='word_1_78' title='bbox 660 1343 711 1397; x_wconf 92' lang='lat' dir='ltr'><strong>tibi</strong></span> <span class='ocrx_word' id='word_1_79' title='bbox 724 1343 826 1398; x_wconf 80' lang='lat' dir='ltr'><strong>fundus</strong></span> <span class='ocrx_word' id='word_1_80' title='bbox 838 1344 967 1411; x_wconf 78' lang='lat' dir='ltr'><strong>honoreS,</strong></span> 
     </span>
     <span class='ocr_line' id='line_1_12' title="bbox 231 1425 914 1496; baseline 0.003 -18"><span class='ocrx_word' id='word_1_81' title='bbox 231 1425 306 1479; x_wconf 87' lang='lat' dir='ltr'><strong>Ante</strong></span> <span class='ocrx_word' id='word_1_82' title='bbox 320 1427 419 1479; x_wconf 87' lang='lat' dir='ltr'><strong>Larem</strong></span> <span class='ocrx_word' id='word_1_83' title='bbox 432 1436 525 1496; x_wconf 91' lang='lat' dir='ltr'><strong>gustet</strong></span> <span class='ocrx_word' id='word_1_84' title='bbox 537 1426 722 1480; x_wconf 90' lang='lat' dir='ltr'><strong>venerabilior</strong></span> <span class='ocrx_word' id='word_1_85' title='bbox 735 1427 804 1480; x_wconf 92' lang='lat' dir='ltr'><strong>Lare</strong></span> <span class='ocrx_word' id='word_1_86' title='bbox 817 1425 895 1480; x_wconf 92' lang='lat' dir='ltr'><strong>dives</strong></span> <span class='ocrx_word' id='word_1_87' title='bbox 907 1444 914 1491; x_wconf 94' lang='lat'>;</span> 
     </span>
    </p>

    <p class='ocr_par' dir='ltr' id='par_1_5' title="bbox 233 1508 962 1661">
     <span class='ocr_line' id='line_1_13' title="bbox 234 1508 962 1578; baseline 0.001 -17"><span class='ocrx_word' id='word_1_88' title='bbox 234 1508 289 1577; x_wconf 80' lang='lat' dir='ltr'><strong>Qui</strong></span> <span class='ocrx_word' id='word_1_89' title='bbox 302 1509 430 1578; x_wconf 89' lang='lat' dir='ltr'><strong>quamvis</strong></span> <span class='ocrx_word' id='word_1_90' title='bbox 442 1509 569 1578; x_wconf 91' lang='lat' dir='ltr'><strong>perjurus</strong></span> <span class='ocrx_word' id='word_1_91' title='bbox 582 1510 641 1577; x_wconf 91' lang='lat' dir='ltr'><strong>erit,</strong></span> <span class='ocrx_word' id='word_1_92' title='bbox 655 1509 715 1562; x_wconf 91' lang='lat' dir='ltr'><strong>sine</strong></span> <span class='ocrx_word' id='word_1_93' title='bbox 727 1518 819 1578; x_wconf 89' lang='lat' dir='ltr'><strong>gente,</strong></span> <span class='ocrx_word' id='word_1_94' title='bbox 832 1518 962 1563; x_wconf 92' lang='lat' dir='ltr'><strong>cruentus</strong></span> 
     </span>
     <span class='ocr_line' id='line_1_14' title="bbox 233 1591 879 1661; baseline 0.003 -18"><span class='ocrx_word' id='word_1_95' title='bbox 233 1591 376 1660; x_wconf 87' lang='lat' dir='ltr'><strong>Sanguine</strong></span> <span class='ocrx_word' id='word_1_96' title='bbox 388 1592 519 1660; x_wconf 82' lang='lat' dir='ltr'><strong>fraterno,</strong></span> <span class='ocrx_word' id='word_1_97' title='bbox 533 1592 672 1661; x_wconf 77' lang='lat' dir='ltr'><strong>fugitivuS,</strong></span> <span class='ocrx_word' id='word_1_98' title='bbox 685 1609 721 1646; x_wconf 91' lang='lat' dir='ltr'><strong>ne</strong></span> <span class='ocrx_word' id='word_1_99' title='bbox 733 1602 827 1646; x_wconf 91' lang='lat' dir='ltr'><strong>tamen</strong></span> <span class='ocrx_word' id='word_1_100' title='bbox 841 1592 879 1645; x_wconf 92' lang='lat' dir='ltr'><strong>illi</strong></span> 
     </span>
    </p>

    <p class='ocr_par' dir='ltr' id='par_1_6' title="bbox 232 1675 1022 1912">
     <span class='ocr_line' id='line_1_15' title="bbox 232 1675 975 1745; baseline 0.004 -19"><span class='ocrx_word' id='word_1_101' title='bbox 232 1675 276 1727; x_wconf 91' lang='lat' dir='ltr'><strong>Tu</strong></span> <span class='ocrx_word' id='word_1_102' title='bbox 289 1690 383 1728; x_wconf 94' lang='lat' dir='ltr'><strong>comes</strong></span> <span class='ocrx_word' id='word_1_103' title='bbox 396 1675 522 1743; x_wconf 88' lang='lat' dir='ltr'><strong>exterior,</strong></span> <span class='ocrx_word' id='word_1_104' title='bbox 536 1676 560 1728; x_wconf 93' lang='lat' dir='ltr'><strong>si</strong></span> <span class='ocrx_word' id='word_1_105' title='bbox 572 1677 701 1745; x_wconf 90' lang='lat' dir='ltr'><strong>postulet,</strong></span> <span class='ocrx_word' id='word_1_106' title='bbox 715 1675 754 1729; x_wconf 92' lang='lat' dir='ltr'><strong>ire</strong></span> <span class='ocrx_word' id='word_1_107' title='bbox 767 1691 885 1729; x_wconf 91' lang='lat' dir='ltr'><strong>recuses.</strong></span> <span class='ocrx_word' id='word_1_108' title='bbox 974 1732 975 1738; x_wconf 37' lang='lat'><strong>,</strong></span> 
     </span>
     <span class='ocr_line' id='line_1_16' title="bbox 235 1757 1022 1829; baseline 0.003 -19"><span class='ocrx_word' id='word_1_109' title='bbox 235 1757 311 1811; x_wconf 87' lang='lat' dir='ltr'><strong>Utne</strong></span> <span class='ocrx_word' id='word_1_110' title='bbox 323 1767 418 1827; x_wconf 87' lang='lat' dir='ltr'><strong>tegam</strong></span> <span class='ocrx_word' id='word_1_111' title='bbox 432 1776 532 1829; x_wconf 92' lang='lat' dir='ltr'><strong>spurco</strong></span> <span class='ocrx_word' id='word_1_112' title='bbox 546 1761 657 1813; x_wconf 87' lang='lat' dir='ltr'><strong>Damae</strong></span> <span class='ocrx_word' id='word_1_113' title='bbox 669 1760 761 1813; x_wconf 85' lang='lat' dir='ltr'><strong>latus?</strong></span> <span class='ocrx_word' id='word_1_114' title='bbox 780 1759 856 1813; x_wconf 90' lang='lat' dir='ltr'><strong>haud</strong></span> <span class='ocrx_word' id='word_1_115' title='bbox 869 1759 909 1812; x_wconf 91' lang='lat' dir='ltr'><strong>ita</strong></span> <span class='ocrx_word' id='word_1_116' title='bbox 921 1759 1022 1829; x_wconf 87' lang='lat' dir='ltr'><strong>Trojae</strong></span> 
     </span>
     <span class='ocr_line' id='line_1_17' title="bbox 232 1841 920 1912; baseline 0.001 -18"><span class='ocrx_word' id='word_1_117' title='bbox 232 1841 282 1894; x_wconf 90' lang='lat' dir='ltr'><strong>Me</strong></span> <span class='ocrx_word' id='word_1_118' title='bbox 294 1843 377 1910; x_wconf 88' lang='lat' dir='ltr'><strong>gessi,</strong></span> <span class='ocrx_word' id='word_1_119' title='bbox 390 1853 501 1896; x_wconf 88' lang='lat' dir='ltr'><strong>certans</strong></span> <span class='ocrx_word' id='word_1_120' title='bbox 514 1859 624 1912; x_wconf 88' lang='lat' dir='ltr'><strong>semper</strong></span> <span class='ocrx_word' id='word_1_121' title='bbox 636 1843 805 1897; x_wconf 89' lang='lat' dir='ltr'><strong>melioribus.</strong></span> <span class='ocrx_word' id='word_1_122' title='bbox 844 1845 920 1911; x_wconf 89' lang='lat' dir='ltr'><strong>Ergo</strong></span> 
     </span>
    </p>

    <p class='ocr_par' dir='ltr' id='par_1_7' title="bbox 232 1926 1084 2162">
     <span class='ocr_line' id='line_1_18' title="bbox 232 1926 1084 1997; baseline 0.002 -18"><span class='ocrx_word' id='word_1_123' title='bbox 232 1926 342 1995; x_wconf 87' lang='lat' dir='ltr'><strong>Pauper</strong></span> <span class='ocrx_word' id='word_1_124' title='bbox 354 1927 416 1981; x_wconf 90' lang='lat' dir='ltr'><strong>eris.</strong></span> <span class='ocrx_word' id='word_1_125' title='bbox 455 1929 568 1982; x_wconf 89' lang='lat' dir='ltr'><strong>Fortem</strong></span> <span class='ocrx_word' id='word_1_126' title='bbox 581 1928 635 1981; x_wconf 94' lang='lat' dir='ltr'><strong>hoc</strong></span> <span class='ocrx_word' id='word_1_127' title='bbox 648 1928 772 1982; x_wconf 89' lang='lat' dir='ltr'><strong>animum</strong></span> <span class='ocrx_word' id='word_1_128' title='bbox 786 1929 903 1982; x_wconf 90' lang='lat' dir='ltr'><strong>tolerare</strong></span> <span class='ocrx_word' id='word_1_129' title='bbox 912 1927 1034 1997; x_wconf 88' lang='lat' dir='ltr'><strong>jubebo:</strong></span> <span class='ocrx_word' id='word_1_130' title='bbox 1081 1987 1084 1992; x_wconf 58' lang='grc'>,</span> 
     </span>
     <span class='ocr_line' id='line_1_19' title="bbox 232 2008 931 2080; baseline 0.004 -19"><span class='ocrx_word' id='word_1_131' title='bbox 232 2008 271 2061; x_wconf 90' lang='lat' dir='ltr'><strong>Et</strong></span> <span class='ocrx_word' id='word_1_132' title='bbox 282 2009 424 2077; x_wconf 92' lang='lat' dir='ltr'><strong>quondam</strong></span> <span class='ocrx_word' id='word_1_133' title='bbox 437 2010 545 2079; x_wconf 89' lang='lat' dir='ltr'><strong>majora</strong></span> <span class='ocrx_word' id='word_1_134' title='bbox 557 2011 614 2065; x_wconf 92' lang='lat' dir='ltr'><strong>tuli.</strong></span> <span class='ocrx_word' id='word_1_135' title='bbox 652 2013 696 2064; x_wconf 93' lang='lat' dir='ltr'><strong>Tu</strong></span> <span class='ocrx_word' id='word_1_136' title='bbox 709 2011 844 2080; x_wconf 91' lang='lat' dir='ltr'><strong>protinus,</strong></span> <span class='ocrx_word' id='word_1_137' title='bbox 857 2011 931 2064; x_wconf 89' lang='lat' dir='ltr'><strong>unde</strong></span> 
     </span>
     <span class='ocr_line' id='line_1_20' title="bbox 232 2089 899 2162; baseline 0.004 -19"><span class='ocrx_word' id='word_1_138' title='bbox 232 2089 354 2144; x_wconf 87' lang='lat' dir='ltr'><strong>Divitias</strong></span> <span class='ocrx_word' id='word_1_139' title='bbox 368 2091 496 2162; x_wconf 87' lang='lat' dir='ltr'><strong>aerisque</strong></span> <span class='ocrx_word' id='word_1_140' title='bbox 508 2111 596 2160; x_wconf 92' lang='lat' dir='ltr'><strong>ruam,</strong></span> <span class='ocrx_word' id='word_1_141' title='bbox 609 2093 654 2147; x_wconf 91' lang='lat' dir='ltr'><strong>dic</strong></span> <span class='ocrx_word' id='word_1_142' title='bbox 668 2111 763 2162; x_wconf 88' lang='lat' dir='ltr'><strong>augur,</strong></span> <span class='ocrx_word' id='word_1_143' title='bbox 777 2110 899 2147; x_wconf 90' lang='lat' dir='ltr'><strong>acervos.</strong></span> 
     </span>
    </p>

    <p class='ocr_par' dir='ltr' id='par_1_8' title="bbox 232 2173 959 2408">
     <span class='ocr_line' id='line_1_21' title="bbox 232 2173 939 2245; baseline 0.007 -20"><span class='ocrx_word' id='word_1_144' title='bbox 232 2173 298 2226; x_wconf 89' lang='lat' dir='ltr'><strong>Dixi</strong></span> <span class='ocrx_word' id='word_1_145' title='bbox 312 2173 451 2242; x_wconf 92' lang='lat' dir='ltr'><strong>equidem,</strong></span> <span class='ocrx_word' id='word_1_146' title='bbox 463 2184 492 2228; x_wconf 92' lang='lat' dir='ltr'><strong>et</strong></span> <span class='ocrx_word' id='word_1_147' title='bbox 504 2174 585 2228; x_wconf 90' lang='lat' dir='ltr'><strong>dico:</strong></span> <span class='ocrx_word' id='word_1_148' title='bbox 606 2185 702 2244; x_wconf 89' lang='lat' dir='ltr'><strong>captes</strong></span> <span class='ocrx_word' id='word_1_149' title='bbox 716 2184 823 2230; x_wconf 90' lang='lat' dir='ltr'><strong>astutus</strong></span> <span class='ocrx_word' id='word_1_150' title='bbox 836 2176 939 2245; x_wconf 90' lang='lat' dir='ltr'><strong>ubique</strong></span> 
     </span>
     <span class='ocr_line' id='line_1_22' title="bbox 232 2256 959 2324; baseline 0.003 -16"><span class='ocrx_word' id='word_1_151' title='bbox 232 2256 415 2309; x_wconf 89' lang='lat' dir='ltr'><strong>Testamenta</strong></span> <span class='ocrx_word' id='word_1_152' title='bbox 428 2273 542 2310; x_wconf 91' lang='lat' dir='ltr'><strong>senum:</strong></span> <span class='ocrx_word' id='word_1_153' title='bbox 563 2274 626 2324; x_wconf 93' lang='lat' dir='ltr'><strong>neu,</strong></span> <span class='ocrx_word' id='word_1_154' title='bbox 640 2257 663 2310; x_wconf 90' lang='lat' dir='ltr'><strong>si</strong></span> <span class='ocrx_word' id='word_1_155' title='bbox 675 2257 753 2310; x_wconf 82' lang='lat' dir='ltr'><strong>valer</strong></span> <span class='ocrx_word' id='word_1_156' title='bbox 764 2274 836 2311; x_wconf 90' lang='lat' dir='ltr'><strong>unus</strong></span> <span class='ocrx_word' id='word_1_157' title='bbox 849 2265 876 2311; x_wconf 92' lang='lat' dir='ltr'><strong>et</strong></span> <span class='ocrx_word' id='word_1_158' title='bbox 889 2259 959 2311; x_wconf 91' lang='lat' dir='ltr'><strong>alter</strong></span> 
     </span>
     <span class='ocr_line' id='line_1_23' title="bbox 232 2337 792 2408; baseline 0.005 -18"><span class='ocrx_word' id='word_1_159' title='bbox 232 2337 429 2392; x_wconf 87' lang='lat' dir='ltr'><strong>Insidiatorem</strong></span> <span class='ocrx_word' id='word_1_160' title='bbox 442 2356 574 2408; x_wconf 87' lang='lat' dir='ltr'><strong>praeroso</strong></span> <span class='ocrx_word' id='word_1_161' title='bbox 587 2339 687 2408; x_wconf 83' lang='lat' dir='ltr'><strong>sugerit</strong></span> <span class='ocrx_word' id='word_1_162' title='bbox 699 2339 792 2407; x_wconf 90' lang='lat' dir='ltr'><strong>hamo,</strong></span> 
     </span>
    </p>

    <p class='ocr_par' dir='ltr' id='par_1_9' title="bbox 230 2422 933 2574">
     <span class='ocr_line' id='line_1_24' title="bbox 230 2422 933 2492; baseline 0.001 -17"><span class='ocrx_word' id='word_1_163' title='bbox 230 2424 287 2476; x_wconf 92' lang='lat' dir='ltr'><strong>Aut</strong></span> <span class='ocrx_word' id='word_1_164' title='bbox 300 2438 379 2491; x_wconf 91' lang='lat' dir='ltr'><strong>spem</strong></span> <span class='ocrx_word' id='word_1_165' title='bbox 392 2422 526 2492; x_wconf 88' lang='lat' dir='ltr'><strong>deponas,</strong></span> <span class='ocrx_word' id='word_1_166' title='bbox 539 2433 587 2476; x_wconf 91' lang='lat' dir='ltr'><strong>aut</strong></span> <span class='ocrx_word' id='word_1_167' title='bbox 600 2432 689 2476; x_wconf 91' lang='lat' dir='ltr'><strong>artem</strong></span> <span class='ocrx_word' id='word_1_168' title='bbox 702 2423 798 2477; x_wconf 93' lang='lat' dir='ltr'><strong>illusus</strong></span> <span class='ocrx_word' id='word_1_169' title='bbox 811 2423 933 2477; x_wconf 88' lang='lat' dir='ltr'><strong>omittas.</strong></span> 
     </span>
     <span class='ocr_line' id='line_1_25' title="bbox 232 2504 893 2574; baseline 0.002 -17"><span class='ocrx_word' id='word_1_170' title='bbox 232 2505 340 2574; x_wconf 90' lang='lat' dir='ltr'><strong>Magna</strong></span> <span class='ocrx_word' id='word_1_171' title='bbox 351 2504 477 2558; x_wconf 90' lang='lat' dir='ltr'><strong>minorve</strong></span> <span class='ocrx_word' id='word_1_172' title='bbox 489 2505 548 2559; x_wconf 82' lang='lat' dir='ltr'><strong>foro</strong></span> <span class='ocrx_word' id='word_1_173' title='bbox 562 2505 585 2558; x_wconf 90' lang='lat' dir='ltr'><strong>si</strong></span> <span class='ocrx_word' id='word_1_174' title='bbox 598 2522 642 2558; x_wconf 92' lang='lat' dir='ltr'><strong>res</strong></span> <span class='ocrx_word' id='word_1_175' title='bbox 655 2505 806 2559; x_wconf 91' lang='lat' dir='ltr'><strong>certabitur</strong></span> <span class='ocrx_word' id='word_1_176' title='bbox 818 2505 893 2572; x_wconf 94' lang='lat' dir='ltr'><strong>olim,</strong></span> 
     </span>
    </p>

    <p class='ocr_par' dir='ltr' id='par_1_10' title="bbox 230 2587 952 2658">
     <span class='ocr_line' id='line_1_26' title="bbox 230 2587 952 2658; baseline 0.003 -18"><span class='ocrx_word' id='word_1_177' title='bbox 230 2587 313 2641; x_wconf 90' lang='lat' dir='ltr'><strong>Vivet</strong></span> <span class='ocrx_word' id='word_1_178' title='bbox 325 2597 386 2641; x_wconf 93' lang='lat' dir='ltr'><strong>uter</strong></span> <span class='ocrx_word' id='word_1_179' title='bbox 398 2588 522 2658; x_wconf 92' lang='lat' dir='ltr'><strong>locuples</strong></span> <span class='ocrx_word' id='word_1_180' title='bbox 535 2588 595 2642; x_wconf 91' lang='lat' dir='ltr'><strong>sine</strong></span> <span class='ocrx_word' id='word_1_181' title='bbox 607 2588 710 2657; x_wconf 91' lang='lat' dir='ltr'><strong>gnatis,</strong></span> <span class='ocrx_word' id='word_1_182' title='bbox 723 2589 866 2658; x_wconf 92' lang='lat' dir='ltr'><strong>improbus</strong></span> <span class='ocrx_word' id='word_1_183' title='bbox 878 2589 952 2642; x_wconf 89' lang='lat' dir='ltr'><strong>ultro</strong></span> 
     </span>
    </p>

    <p class='ocr_par' dir='ltr' id='par_1_11' title="bbox 231 2671 904 2825">
     <span class='ocr_line' id='line_1_27' title="bbox 231 2671 904 2740; baseline 0.001 -15"><span class='ocrx_word' id='word_1_184' title='bbox 231 2672 286 2740; x_wconf 84' lang='lat' dir='ltr'><strong>Qui</strong></span> <span class='ocrx_word' id='word_1_185' title='bbox 299 2672 442 2726; x_wconf 91' lang='lat' dir='ltr'><strong>meliorem</strong></span> <span class='ocrx_word' id='word_1_186' title='bbox 455 2671 546 2726; x_wconf 89' lang='lat' dir='ltr'><strong>audax</strong></span> <span class='ocrx_word' id='word_1_187' title='bbox 558 2681 639 2726; x_wconf 92' lang='lat' dir='ltr'><strong>vocet</strong></span> <span class='ocrx_word' id='word_1_188' title='bbox 652 2672 680 2724; x_wconf 93' lang='lat' dir='ltr'><strong>in</strong></span> <span class='ocrx_word' id='word_1_189' title='bbox 690 2672 745 2740; x_wconf 87' lang='lat' dir='ltr'><strong>jus,</strong></span> <span class='ocrx_word' id='word_1_190' title='bbox 758 2672 830 2726; x_wconf 92' lang='lat' dir='ltr'><strong>illius</strong></span> <span class='ocrx_word' id='word_1_191' title='bbox 843 2681 904 2726; x_wconf 92' lang='lat' dir='ltr'><strong>esto</strong></span> 
     </span>
     <span class='ocr_line' id='line_1_28' title="bbox 231 2753 872 2825; baseline 0.003 -19"><span class='ocrx_word' id='word_1_192' title='bbox 231 2753 386 2808; x_wconf 82' lang='lat' dir='ltr'><strong>Defensor:</strong></span> <span class='ocrx_word' id='word_1_193' title='bbox 406 2754 482 2808; x_wconf 86' lang='lat' dir='ltr'><strong>sama</strong></span> <span class='ocrx_word' id='word_1_194' title='bbox 494 2755 584 2808; x_wconf 93' lang='lat' dir='ltr'><strong>civem</strong></span> <span class='ocrx_word' id='word_1_195' title='bbox 598 2772 738 2825; x_wconf 92' lang='lat' dir='ltr'><strong>causaque</strong></span> <span class='ocrx_word' id='word_1_196' title='bbox 750 2755 872 2825; x_wconf 89' lang='lat' dir='ltr'><strong>priorem</strong></span> 
     </span>
    </p>

    <p class='ocr_par' dir='ltr' id='par_1_12' title="bbox 228 2837 1038 3073">
     <span class='ocr_line' id='line_1_29' title="bbox 230 2837 937 2907; baseline 0.004 -17"><span class='ocrx_word' id='word_1_197' title='bbox 230 2837 345 2906; x_wconf 91' lang='lat' dir='ltr'><strong>Sperne,</strong></span> <span class='ocrx_word' id='word_1_198' title='bbox 358 2837 435 2891; x_wconf 91' lang='lat' dir='ltr'><strong>domi</strong></span> <span class='ocrx_word' id='word_1_199' title='bbox 448 2838 472 2892; x_wconf 90' lang='lat' dir='ltr'><strong>si</strong></span> <span class='ocrx_word' id='word_1_200' title='bbox 484 2847 586 2907; x_wconf 89' lang='lat' dir='ltr'><strong>gnatus</strong></span> <span class='ocrx_word' id='word_1_201' title='bbox 599 2839 650 2893; x_wconf 92' lang='lat' dir='ltr'><strong>erit</strong></span> <span class='ocrx_word' id='word_1_202' title='bbox 663 2838 817 2892; x_wconf 82' lang='lat' dir='ltr'><strong>secundave</strong></span> <span class='ocrx_word' id='word_1_203' title='bbox 829 2837 937 2907; x_wconf 87' lang='lat' dir='ltr'><strong>conjux.</strong></span> 
     </span>
     <span class='ocr_line' id='line_1_30' title="bbox 231 2920 1038 2990; baseline 0.004 -17"><span class='ocrx_word' id='word_1_204' title='bbox 231 2920 343 2989; x_wconf 85' lang='lat' dir='ltr'><strong>Quinte,</strong></span> <span class='ocrx_word' id='word_1_205' title='bbox 356 2929 432 2990; x_wconf 89' lang='lat' dir='ltr'><strong>puta,</strong></span> <span class='ocrx_word' id='word_1_206' title='bbox 445 2930 493 2975; x_wconf 88' lang='lat' dir='ltr'><strong>aut</strong></span> <span class='ocrx_word' id='word_1_207' title='bbox 507 2922 587 2976; x_wconf 93' lang='lat' dir='ltr'><strong>Publi</strong></span> <span class='ocrx_word' id='word_1_208' title='bbox 602 2922 734 2990; x_wconf 90' lang='lat' dir='ltr'><strong>(gaudent</strong></span> <span class='ocrx_word' id='word_1_209' title='bbox 746 2922 928 2990; x_wconf 89' lang='lat' dir='ltr'><strong>praenomine</strong></span> <span class='ocrx_word' id='word_1_210' title='bbox 940 2921 1038 2976; x_wconf 91' lang='lat' dir='ltr'><strong>molles</strong></span> 
     </span>
     <span class='ocr_line' id='line_1_31' title="bbox 228 3003 900 3073; baseline 0.003 -16"><span class='ocrx_word' id='word_1_211' title='bbox 228 3003 388 3073; x_wconf 85' lang='lat' dir='ltr'><strong>Auriculae)</strong></span> <span class='ocrx_word' id='word_1_212' title='bbox 401 3004 452 3058; x_wconf 92' lang='lat' dir='ltr'><strong>tibi</strong></span> <span class='ocrx_word' id='word_1_213' title='bbox 465 3021 511 3058; x_wconf 94' lang='lat' dir='ltr'><strong>me</strong></span> <span class='ocrx_word' id='word_1_214' title='bbox 523 3005 610 3059; x_wconf 91' lang='lat' dir='ltr'><strong>virtus</strong></span> <span class='ocrx_word' id='word_1_215' title='bbox 624 3013 672 3058; x_wconf 92' lang='lat' dir='ltr'><strong>tua</strong></span> <span class='ocrx_word' id='word_1_216' title='bbox 684 3004 749 3059; x_wconf 82' lang='lat' dir='ltr'><strong>lecit</strong></span> <span class='ocrx_word' id='word_1_217' title='bbox 761 3004 900 3059; x_wconf 92' lang='lat' dir='ltr'><strong>amicum:</strong></span> 
     </span>
    </p>

    <p class='ocr_par' dir='ltr' id='par_1_13' title="bbox 228 3087 901 3158">
     <span class='ocr_line' id='line_1_32' title="bbox 228 3087 901 3158; baseline -0.001 -16"><span class='ocrx_word' id='word_1_218' title='bbox 228 3089 278 3157; x_wconf 90' lang='lat' dir='ltr'><strong>Jus</strong></span> <span class='ocrx_word' id='word_1_219' title='bbox 291 3104 394 3157; x_wconf 90' lang='lat' dir='ltr'><strong>anceps</strong></span> <span class='ocrx_word' id='word_1_220' title='bbox 407 3087 481 3155; x_wconf 92' lang='lat' dir='ltr'><strong>novi,</strong></span> <span class='ocrx_word' id='word_1_221' title='bbox 494 3105 593 3142; x_wconf 90' lang='lat' dir='ltr'><strong>causas</strong></span> <span class='ocrx_word' id='word_1_222' title='bbox 606 3088 755 3143; x_wconf 87' lang='lat' dir='ltr'><strong>defendere</strong></span> <span class='ocrx_word' id='word_1_223' title='bbox 767 3104 882 3158; x_wconf 92' lang='lat' dir='ltr'><strong>possum</strong></span> <span class='ocrx_word' id='word_1_224' title='bbox 895 3107 901 3141; x_wconf 92' lang='lat'>:</span> 
     </span>
    </p>

    <p class='ocr_par' dir='ltr' id='par_1_14' title="bbox 229 3169 1081 3490">
     <span class='ocr_line' id='line_1_33' title="bbox 230 3169 874 3241; baseline 0 -17"><span class='ocrx_word' id='word_1_225' title='bbox 230 3170 338 3240; x_wconf 91' lang='lat' dir='ltr'><strong>Eripiet</strong></span> <span class='ocrx_word' id='word_1_226' title='bbox 351 3169 441 3239; x_wconf 90' lang='lat' dir='ltr'><strong>quivis</strong></span> <span class='ocrx_word' id='word_1_227' title='bbox 454 3171 549 3224; x_wconf 92' lang='lat' dir='ltr'><strong>oculos</strong></span> <span class='ocrx_word' id='word_1_228' title='bbox 562 3171 644 3226; x_wconf 90' lang='lat' dir='ltr'><strong>citius</strong></span> <span class='ocrx_word' id='word_1_229' title='bbox 656 3171 735 3238; x_wconf 91' lang='lat' dir='ltr'><strong>mihi,</strong></span> <span class='ocrx_word' id='word_1_230' title='bbox 748 3188 833 3241; x_wconf 92' lang='lat' dir='ltr'><strong>quam</strong></span> <span class='ocrx_word' id='word_1_231' title='bbox 846 3179 874 3224; x_wconf 91' lang='lat' dir='ltr'><strong>te</strong></span> 
     </span>
     <span class='ocr_line' id='line_1_34' title="bbox 230 3254 1081 3323; baseline 0.002 -15"><span class='ocrx_word' id='word_1_232' title='bbox 230 3255 430 3322; x_wconf 87' lang='lat' dir='ltr'><strong>Contemptum</strong></span> <span class='ocrx_word' id='word_1_233' title='bbox 443 3268 525 3307; x_wconf 90' lang='lat' dir='ltr'><strong>cassa</strong></span> <span class='ocrx_word' id='word_1_234' title='bbox 537 3270 609 3308; x_wconf 92' lang='lat' dir='ltr'><strong>nuce</strong></span> <span class='ocrx_word' id='word_1_235' title='bbox 621 3263 771 3323; x_wconf 89' lang='lat' dir='ltr'><strong>pauperet:</strong></span> <span class='ocrx_word' id='word_1_236' title='bbox 792 3254 862 3308; x_wconf 88' lang='lat' dir='ltr'><strong>haec</strong></span> <span class='ocrx_word' id='word_1_237' title='bbox 875 3271 939 3308; x_wconf 90' lang='lat' dir='ltr'><strong>mea</strong></span> <span class='ocrx_word' id='word_1_238' title='bbox 951 3272 1018 3309; x_wconf 89' lang='lat' dir='ltr'><strong>cura</strong></span> <span class='ocrx_word' id='word_1_239' title='bbox 1030 3264 1081 3322; x_wconf 90' lang='lat' dir='ltr'><strong>est,</strong></span> 
     </span>
     <span class='ocr_line' id='line_1_35' title="bbox 230 3335 1045 3409; baseline 0.005 -20"><span class='ocrx_word' id='word_1_240' title='bbox 230 3338 275 3390; x_wconf 88' lang='lat' dir='ltr'><strong>Ne</strong></span> <span class='ocrx_word' id='word_1_241' title='bbox 288 3336 356 3406; x_wconf 92' lang='lat' dir='ltr'><strong>quid</strong></span> <span class='ocrx_word' id='word_1_242' title='bbox 369 3345 399 3390; x_wconf 94' lang='lat' dir='ltr'><strong>tu</strong></span> <span class='ocrx_word' id='word_1_243' title='bbox 411 3335 522 3405; x_wconf 89' lang='lat' dir='ltr'><strong>perdas,</strong></span> <span class='ocrx_word' id='word_1_244' title='bbox 535 3354 589 3390; x_wconf 92' lang='lat' dir='ltr'><strong>neu</strong></span> <span class='ocrx_word' id='word_1_245' title='bbox 603 3336 640 3390; x_wconf 91' lang='lat' dir='ltr'><strong>sis</strong></span> <span class='ocrx_word' id='word_1_246' title='bbox 650 3336 739 3405; x_wconf 91' lang='lat' dir='ltr'><strong>jocus.</strong></span> <span class='ocrx_word' id='word_1_247' title='bbox 778 3338 821 3392; x_wconf 92' lang='lat' dir='ltr'><strong>Ire</strong></span> <span class='ocrx_word' id='word_1_248' title='bbox 834 3337 949 3393; x_wconf 94' lang='lat' dir='ltr'><strong>domum</strong></span> <span class='ocrx_word' id='word_1_249' title='bbox 962 3347 1045 3409; x_wconf 88' lang='lat' dir='ltr'><strong>atque</strong></span> 
     </span>
     <span class='ocr_line' id='line_1_36' title="bbox 229 3419 851 3490; baseline 0.006 -19"><span class='ocrx_word' id='word_1_250' title='bbox 229 3420 390 3474; x_wconf 89' lang='lat' dir='ltr'><strong>Pelliculam</strong></span> <span class='ocrx_word' id='word_1_251' title='bbox 403 3436 500 3474; x_wconf 91' lang='lat' dir='ltr'><strong>curare</strong></span> <span class='ocrx_word' id='word_1_252' title='bbox 509 3420 593 3489; x_wconf 88' lang='lat' dir='ltr'><strong>jube:</strong></span> <span class='ocrx_word' id='word_1_253' title='bbox 613 3419 632 3473; x_wconf 88' lang='lat' dir='ltr'>fi</span> <span class='ocrx_word' id='word_1_254' title='bbox 645 3421 772 3490; x_wconf 89' lang='lat' dir='ltr'><strong>cognitor</strong></span> <span class='ocrx_word' id='word_1_255' title='bbox 784 3421 851 3490; x_wconf 91' lang='lat' dir='ltr'><strong>ipse.</strong></span> 
     </span>
    </p>

    <p class='ocr_par' dir='ltr' id='par_1_15' title="bbox 228 3502 1082 3575">
     <span class='ocr_line' id='line_1_37' title="bbox 228 3502 1082 3575; baseline 0.005 -20"><span class='ocrx_word' id='word_1_256' title='bbox 228 3502 335 3566; x_wconf 86' lang='lat' dir='ltr'><strong>Persta,</strong></span> <span class='ocrx_word' id='word_1_257' title='bbox 347 3511 432 3575; x_wconf 87' lang='lat' dir='ltr'><strong>atque</strong></span> <span class='ocrx_word' id='word_1_258' title='bbox 444 3503 560 3571; x_wconf 86' lang='lat' dir='ltr'><strong>obdura,</strong></span> <span class='ocrx_word' id='word_1_259' title='bbox 573 3519 622 3558; x_wconf 90' lang='lat' dir='ltr'><strong>seu</strong></span> <span class='ocrx_word' id='word_1_260' title='bbox 634 3504 718 3558; x_wconf 88' lang='lat' dir='ltr'><strong>rubra</strong></span> <span class='ocrx_word' id='word_1_261' title='bbox 731 3504 866 3559; x_wconf 89' lang='lat' dir='ltr'><strong>Canicula</strong></span> <span class='ocrx_word' id='word_1_262' title='bbox 878 3503 964 3559; x_wconf 89' lang='lat' dir='ltr'><strong>findet</strong></span> <span class='ocrx_word' id='word_1_263' title='bbox 1057 3538 1082 3574; x_wconf 82' lang='lat'><strong>39</strong></span> 
     </span>
    </p>
   </div>
   <div class='ocr_carea' id='block_1_3' title="bbox 0 0 1406 4176">
    <p class='ocr_par' dir='ltr' id='par_1_16' title="bbox 0 0 1406 4176">
     <span class='ocr_line' id='line_1_38' title="bbox 0 0 1406 4176; baseline 0 2"><span class='ocrx_word' id='word_1_264' title='bbox 0 0 1406 4176; x_wconf 95' lang='lat' dir='ltr'><strong> </strong></span> 
     </span>
    </p>
   </div>
  </div>
 </body>
</html>
