2748 4138
507 433 565 475 nus
588 431 727 476 rourrcn.
980 435 1016 490 ²9
1022 432 1037 490 5

226 561 310 631 Quod
322 578 379 616 non
391 560 511 616 edideris
522 580 530 626 ;
548 560 637 615 nescit
648 578 703 614 vox
714 561 803 615 missa
814 559 921 614 reverti.

226 645 372 700 Silvestres
384 645 513 699 homines
526 661 604 698 sacer
616 644 806 714 interpresque
818 633 935 698 deorum

227 728 366 783 Caedibus
379 739 407 783 et
418 729 494 783 victu
506 727 588 782 foedo
601 727 732 781 deterruit
746 728 894 796 Orpheus,

227 813 327 866 Dictus
340 813 377 866 ob
389 813 443 866 hoc
455 812 541 865 lenire
554 811 647 880 tigres,
660 810 828 880 rabidosque
839 811 934 865 leones
948 831 954 875 ;

227 895 327 950 Dictus
340 905 367 949 et
379 895 530 965 Amphion,
543 894 696 948 Thebanae
709 893 837 947 conditor
848 893 920 947 arcis

227 980 301 1032 Saxa
312 995 424 1032 movere
438 994 507 1032 sono
520 977 675 1044 testudinis,
688 986 716 1030 et
727 992 809 1045 prece
821 975 927 1029 blanda

227 1063 336 1116 Ducere
349 1079 404 1131 quo
416 1063 506 1116 vellet.
544 1061 609 1115 Fuit
620 1061 691 1114 haec
704 1059 842 1129 sapientia
853 1059 1004 1129 quondam,

226 1145 342 1199 Publica
354 1144 469 1214 privatis
482 1161 633 1212 secernere,
646 1160 727 1198 sacra
739 1142 871 1213 profanis,

227 1229 383 1284 Concubitu
396 1230 543 1299 prohibere
555 1246 636 1297 vago,
649 1228 717 1282 dare
726 1228 790 1297 jura
801 1227 918 1294 maritis,

227 1311 340 1381 Oppida
351 1313 450 1380 moliri,
463 1313 539 1381 leges
551 1311 674 1365 incidere
686 1311 780 1380 ligno:

226 1393 272 1447 Sic
284 1394 374 1448 honor
387 1404 415 1449 et
426 1411 530 1448 nomen
542 1393 644 1447 divinis
656 1393 767 1446 vatibus
780 1401 864 1463 atque

225 1477 403 1531 Carminibus
415 1477 498 1532 venit
537 1478 605 1530 Post
617 1477 669 1530 hos
682 1475 800 1544 insignis
814 1477 964 1541 Homerus,

224 1562 415 1631 Tyrtaeusque
427 1576 519 1614 mares
532 1560 642 1614 animos
654 1561 684 1614 in
698 1559 802 1612 Martia
813 1559 888 1612 bella

223 1644 357 1698 Versibus
370 1644 479 1698 exacuit
490 1663 497 1709 ;
516 1643 608 1697 dictae
621 1660 670 1713 per
682 1642 807 1697 carmina
820 1651 910 1695 sortes
921 1662 928 1708 3

224 1727 262 1780 Et
273 1726 347 1781 vitae
359 1737 515 1781 monstrata
526 1727 572 1780 via
584 1736 627 1780 est
638 1746 646 1792 ;
665 1736 693 1780 et
705 1724 795 1795 gratia
807 1741 905 1794 regum

224 1809 321 1863 Pieriis
334 1819 442 1864 tentata
453 1809 545 1864 modis
556 1829 563 1874 ;
581 1808 718 1879 ludusque
731 1817 864 1877 repertus,

224 1893 261 1946 Et
273 1894 421 1961 longorum
434 1908 550 1962 operum
562 1891 643 1945 linis:
663 1908 699 1945 ne
711 1891 782 1945 sorte
794 1890 894 1961 pudori

225 1974 267 2028 Sit
279 1975 330 2028 tibi
344 1976 428 2028 Musa
440 1975 516 2043 lyrae
529 1975 624 2042 solers,
638 1983 666 2028 et
677 1983 775 2028 cantor
786 1975 895 2044 Apollo.

225 2058 334 2111 Natura
345 2055 423 2110 fieret
434 2056 574 2111 laudabile
586 2073 708 2125 carmen,
721 2069 758 2110 an
770 2067 838 2125 arte,

225 2139 389 2208 Quaesitum
402 2148 461 2193 est:
481 2156 533 2207 ego
546 2156 598 2192 nec
612 2138 735 2193 studium
748 2139 808 2193 sine
820 2139 906 2193 divite
918 2156 990 2194 vena
1001 2160 1008 2204 3

224 2223 285 2276 Nec
297 2221 367 2276 rude
379 2220 446 2291 quid
459 2221 547 2290 possit
559 2221 641 2275 video
654 2222 798 2290 ingenium
811 2242 818 2287 ;
837 2223 948 2276 alterius
962 2223 1002 2276 sic

221 2305 318 2359 Altera
329 2303 420 2373 poscit
433 2320 516 2373 opem
527 2320 581 2372 res,
593 2313 621 2358 et
633 2305 760 2374 conjurat
773 2304 870 2358 amice.

225 2389 280 2459 Qui
292 2387 386 2442 studet
397 2397 525 2457 optatam
537 2404 619 2442 cursu
632 2387 794 2457 contingere
806 2398 919 2456 metam,

224 2472 317 2525 Multa
329 2471 391 2525 tulit
404 2470 524 2542 fecitque
536 2487 605 2540 puer
616 2490 623 2536 ;
642 2470 753 2525 sudavit
765 2479 793 2524 et
805 2470 869 2525 alsit
880 2491 887 2536 ;

222 2555 366 2610 Abstinuit
377 2573 478 2611 venere
491 2565 519 2610 et
530 2555 597 2609 vino
608 2574 615 2620 ;
634 2555 682 2625 qui
696 2555 798 2623 Pythia
810 2563 905 2608 cantat

222 2639 349 2706 Tibicen,
362 2637 460 2693 didicit
473 2638 550 2709 prius
563 2638 744 2708 extimuitque
756 2636 929 2707 magistrum

224 2723 286 2775 Nec
299 2723 366 2776 satis
379 2732 422 2776 est
434 2721 546 2790 dixisse,
560 2723 622 2790 Ego
635 2721 706 2774 mira
718 2726 850 2790 poemata
861 2737 954 2790 pango
967 2741 973 2775 :

224 2807 351 2875 Occupet
363 2815 517 2860 extremum
530 2805 639 2859 scabies
651 2824 658 2869 3
676 2801 745 2858 mihi
759 2812 838 2873 turpe
850 2803 968 2875 relinqui
982 2816 1032 2873 est,

224 2891 269 2956 Et,
282 2888 358 2958 quod
370 2905 428 2943 non
440 2888 535 2956 didici,
549 2904 617 2942 sane
629 2887 737 2941 nescire
748 2886 836 2940 fateri.

225 2974 265 3027 Ut
278 2988 387 3042 praeco,
400 2972 437 3026 ad
449 2989 556 3026 merces
569 2971 681 3025 turbam
693 2969 741 3039 qui
754 2969 830 3038 cogit
842 2970 982 3034 emendas

222 3057 418 3109 Assentatores
428 3055 509 3124 jubet
520 3054 558 3108 ad
569 3055 678 3108 lucrum
690 3052 730 3106 ire
742 3057 827 3122 poeta

224 3138 311 3192 Dives
324 3138 407 3206 agris,
420 3137 498 3191 dives
511 3135 610 3206 positis
623 3136 652 3189 in
664 3136 759 3189 fenore
772 3131 901 3188 nummis

222 3221 251 3276 Si
265 3237 330 3276 vero
343 3231 394 3288 est,
407 3229 523 3275 unctum
534 3219 582 3290 qui
595 3229 669 3273 recte
678 3235 781 3288 ponere
793 3218 890 3287 possit,

223 3308 260 3360 Et
272 3304 410 3375 spondere
422 3303 476 3358 levi
488 3319 538 3373 pro
551 3319 680 3372 paupere,
693 3311 720 3356 et
733 3301 838 3370 eripere
850 3302 918 3356 atris

223 3389 332 3443 Litibus
345 3387 519 3457 implicitum,
532 3385 655 3439 mirabor
668 3384 691 3438 si
704 3384 774 3438 sciet
785 3384 869 3438 inter-

225 3473 350 3527 Noscere
362 3470 529 3526 mendacem
540 3484 692 3539 verumque
704 3468 803 3523 beatus
816 3469 946 3523 amicum.
997 3503 1034 3540 42⁵
