2766 4162
578 397 709 438 HORATII
736 395 908 439 CARMINUM

459 526 609 595 Fulgentes
623 527 727 593 oculos
741 537 769 580 et
781 527 852 580 bene
865 527 970 580 mutuis

530 610 631 663 Fidum
644 620 742 678 pectus
756 610 898 663 amoribus
912 629 919 673 ;

460 743 552 811 Quam
565 759 616 795 nec
629 741 699 795 ferre
712 741 813 810 pedem
826 741 956 795 dedecuit
969 740 1069 809 choriS,

460 826 520 877 Nec
534 833 639 878 certare
647 824 721 894 joco,
735 841 786 876 nec
799 824 866 877 dare
879 825 996 882 brachia

460 909 615 962 Ludentem
626 907 722 961 nitidis
735 907 898 976 virginibuS,
911 925 991 960 sacro

531 990 640 1044 Dianae
653 991 770 1044 celebris
783 990 837 1043 die.

460 1127 537 1179 Num
549 1135 587 1193 tu,
600 1143 672 1196 quae
685 1127 774 1180 tenuit
787 1127 865 1179 dives
877 1127 1079 1191 Achaemenes,

458 1211 514 1262 Aut
526 1209 637 1278 pinguis
652 1209 788 1277 Phrygiae
803 1208 972 1277 Mygdonias
985 1224 1061 1276 opes,

459 1293 620 1345 Permutare
632 1291 700 1344 velis
713 1291 788 1344 crine
802 1290 972 1358 Licymniae,
1060 1325 1064 1336 ·

530 1376 630 1428 Plenas
644 1384 692 1428 aut
704 1374 830 1427 Arabum
842 1374 959 1427 domos?

461 1509 537 1561 Dum
549 1507 697 1576 flagrantia
709 1507 854 1576 detorquet
867 1507 903 1559 ad
916 1507 1012 1560 oscula

461 1591 612 1657 Cervicem,
625 1601 673 1644 aut
685 1589 760 1643 facili
772 1590 889 1643 saevitia
901 1601 993 1659 negat,

461 1674 539 1742 Quae
549 1682 682 1741 poscente
694 1673 784 1741 magis
798 1673 919 1741 'gaudeat
931 1673 1008 1741 eripi,

530 1756 674 1809 Interdum
686 1772 783 1824 rapere
796 1766 921 1824 occupat.

590 2151 775 2204 CARMEN
809 2151 905 2202 XIII.

633 2297 675 2337 Au
695 2297 853 2338 Ausonum

461 2421 533 2472 ILLE
546 2429 573 2472 et
586 2418 693 2473 nefasto
707 2429 734 2472 te
747 2419 840 2488 posuit
851 2420 905 2486 die,

460 2503 624 2572 Quicunque
636 2502 766 2571 primum,
779 2512 806 2555 et
819 2502 954 2571 sacrilega
966 2520 1051 2557 manu

495 2585 635 2652 Produxit‚
648 2586 740 2650 arbos,
754 2584 783 2636 in
796 2595 930 2653 nepotum

529 2667 684 2722 Pemiciem
697 2668 933 2737 opprobriumque
946 2669 1027 2737 pagi:

460 2802 542 2856 Illum
555 2812 583 2855 et
595 2801 719 2870 parentis
731 2801 897 2854 crediderim
910 2802 953 2855 sui

459 2886 587 2954 Fregisse
600 2884 745 2950 cervicem,
758 2893 786 2937 et
798 2884 952 2952 penetralia

494 2967 635 3037 Sparsisse
648 2977 785 3021 nocturno
798 2983 895 3020 cruore

530 3050 676 3118 Hospitis:
697 3050 742 3102 ille
754 3066 863 3102 venena
877 3048 982 3103 Colcha

460 3187 497 3237 Et
509 3185 645 3254 quidquid
657 3201 776 3254 usquam
790 3183 945 3252 concipitur
957 3182 1043 3246 nefas,

458 3267 609 3334 Tractavit‚
623 3284 690 3335 agro
703 3268 750 3337 qui
764 3266 860 3320 statuit
873 3283 935 3318 meo

493 3350 543 3414 Te,
556 3349 634 3402 triste
647 3349 764 3418 lignum,
777 3359 803 3402 te
817 3348 955 3401 caducum

530 3432 563 3484 In
576 3431 681 3484 domini
695 3441 778 3499 caput
792 3430 971 3482 immerentis.
