2792 4168
347 485 405 542 134

606 481 737 524 HORATII
759 480 932 525 CARMINUM

618 790 804 844 CARMEN
837 789 912 842 XII.

645 937 688 978 nn
707 935 885 978 vrncmwn.

480 1059 543 1126 JAM
556 1057 636 1111 Veris
650 1059 775 1126 comites,
788 1075 859 1129 quae
872 1074 949 1112 mare
962 1067 1127 1127 temperant,

483 1141 633 1211 Impellunt
645 1142 756 1195 animae
767 1141 854 1196 lintea
866 1142 1020 1195 Thraciae:

479 1225 543 1292 Jam
555 1240 606 1277 nec
618 1234 700 1294 prata
712 1224 811 1293 rigent,
823 1241 876 1278 nec
888 1224 964 1278 fluvii
977 1233 1103 1294 strepunt

551 1306 679 1360 Hiberna
690 1307 754 1360 nive
766 1306 878 1376 turgidi.

480 1427 588 1482 Nidum
600 1427 688 1497 ponit,
703 1428 766 1496 Ityn
778 1427 906 1481 flebiliter
917 1444 1042 1496 gemens,

479 1511 579 1564 Infelix
592 1511 660 1578 avis,
673 1519 701 1564 et
715 1510 866 1579 Cecropiae
879 1511 980 1564 domus

478 1596 631 1649 Aeternum
644 1593 818 1662 opprobium,
832 1593 907 1663 quod
919 1594 993 1647 male
1005 1594 1140 1647 barbaras

549 1678 659 1745 Regum
671 1685 714 1729 est
726 1676 786 1729 ulta
797 1675 936 1729 libidines

478 1797 584 1850 Dicunt
596 1796 626 1849 in
638 1805 734 1850 tenero
746 1795 873 1865 gramine
885 1796 1032 1865 pinguium

478 1879 616 1934 Custodes
629 1879 723 1933 ovium
735 1879 860 1932 carmina
872 1879 973 1947 fistula,

478 1962 682 2032 Delectantque
695 1961 787 2028 deum,
800 1961 845 2014 cui
857 1978 942 2030 pecus
955 1970 983 2015 et
995 1961 1067 2031 nigri

547 2045 639 2099 Colles
652 2044 790 2098 Arcadiae
802 2044 921 2113 placent.

474 2166 624 2221 Adduxere
637 2165 713 2219 sitim
725 2175 859 2235 tempora,
872 2165 988 2235 Virgili:

476 2250 533 2305 Sed
545 2266 673 2320 pressum
687 2249 802 2303 Calibus
815 2249 916 2303 ducere
930 2250 1060 2304 Liberum

437 2402 439 2406 Ι
475 2333 506 2388 Si
518 2333 613 2403 gestis,
623 2332 758 2402 juvenum
770 2332 906 2386 nobilium
919 2333 1014 2400 cliens,

545 2418 572 2469 N
576 2416 644 2470 ardo
656 2416 723 2469 vina
734 2416 884 2470 merebere.

475 2535 566 2591 Nardi
578 2555 680 2608 parvus
693 2555 766 2606 onyx
779 2537 870 2593 eliciet
882 2539 992 2608 cadum,

476 2621 531 2690 Qui
543 2637 618 2674 nunc
632 2621 762 2690 Sulpiciis
773 2622 891 2675 accubat
904 2622 1019 2691 horreis,

474 2705 544 2773 Spes
557 2703 662 2756 donare
673 2721 761 2757 novas
773 2704 875 2772 largus,
889 2722 1039 2776 amaraque

544 2786 679 2840 Curatum
693 2787 784 2840 eluere
797 2787 903 2841 efficax.

471 2905 516 2959 Ad
529 2905 637 2976 quaesi
650 2922 783 2975 properas
794 2906 905 2974 gaudia,
918 2924 982 2962 cum
995 2918 1044 2963 tua

470 2989 558 3042 Velox
570 3005 662 3042 merce
675 2989 755 3042 veni:
775 3006 832 3042 non
845 3006 897 3058 ego
910 2999 938 3044 te
950 2991 1020 3045 meis

473 3071 633 3124 Immunem
644 3071 764 3125 meditor
777 3071 883 3140 tingere
896 3073 1012 3141 poculis,

541 3154 629 3207 Plena
640 3153 718 3208 dives
731 3163 762 3208 ut
774 3154 803 3207 in
816 3155 908 3208 domo.

469 3276 574 3328 Verum
586 3291 660 3344 pone
673 3293 775 3343 moras,
788 3284 816 3329 et
829 3275 952 3330 studium
964 3275 1052 3341 lucri;

470 3357 678 3428 Nigrorumque
690 3375 805 3425 mernor,
819 3359 887 3412 dum
898 3358 971 3426 licet,
984 3359 1091 3429 ignium

470 3439 560 3493 Misce
574 3441 721 3495 stultitiam
733 3442 856 3495 consiliis
868 3441 999 3496 brevem:

539 3523 630 3578 Dulce
642 3533 685 3579 est
697 3524 823 3595 desipere
836 3524 865 3578 in
877 3525 948 3579 loco.
