2804 4176
470 441 563 482 urana
586 443 604 484 1.
651 442 763 484 suarna
786 443 827 484 ix.
1015 443 1070 500 191

207 595 209 600 ’
225 585 296 638 Cum
311 584 423 652 Sagana
435 582 540 651 majore
553 582 725 636 ululantem:
745 584 834 652 pallor
848 592 979 652 utrasque

224 668 341 720 Fecerat
353 664 507 719 horrendas
522 664 664 733 adspectu.
702 666 833 735 Scalpere
846 676 949 720 terram

224 749 383 818 Unguibus,
396 758 423 802 et
436 748 541 817 pullam
555 747 686 801 divellere
698 749 840 802 mordicus
853 766 957 818 agnam

224 833 382 902 Coeperunt
394 851 401 896 ;
420 848 501 884 cruor
514 830 542 884 in
555 831 660 884 fossam
673 831 813 899 confusus,
826 842 856 887 ut
869 832 935 887 inde

223 916 325 968 Manes
338 914 477 980 elicerent,
491 913 599 966 animas
613 930 747 982 responsa
760 914 881 969 daturas.

224 997 318 1050 Lanea
330 1005 358 1049 et
371 995 475 1064 effigies
488 1005 555 1062 erat,
569 997 656 1049 altera
668 1013 748 1049 cerea
759 1015 765 1060 ;
785 997 874 1066 major

224 1080 326 1145 Lanea,
339 1094 410 1147 quae
423 1077 520 1146 poenis
533 1087 722 1147 compesceret
735 1078 898 1132 inferiorem.

224 1162 312 1215 Cerea
324 1161 485 1230 suppliciter
497 1161 599 1228 stabat,
613 1161 767 1227 servilibus,
781 1170 811 1214 ut
824 1178 895 1231 quae

221 1245 285 1313 Jam
297 1245 427 1313 peritura,
440 1243 538 1298 modis.
577 1245 705 1299 Hecaten
718 1254 799 1298 vocat
813 1246 907 1311 altera,
921 1261 1034 1298 saevam

223 1328 320 1381 Altera
332 1327 512 1396 Tisiphonen.
552 1327 700 1396 Serpentes
713 1336 797 1396 atque
809 1327 918 1381 videres
935 1371 938 1379 .

224 1410 351 1464 Infernas
365 1427 455 1463 errare
467 1426 559 1477 canes,
572 1411 723 1480 lunamque
735 1411 889 1477 rubentem,

225 1494 270 1547 Ne
282 1493 352 1547 soret
365 1493 408 1545 his
421 1492 509 1559 testis,
522 1501 587 1562 post
597 1509 703 1562 magna
714 1493 801 1546 latere
814 1494 968 1562 sepulchra.

224 1576 347 1630 Mentior
359 1585 388 1629 at
401 1576 424 1628 si
438 1575 513 1645 quid,
527 1575 630 1629 merdis
644 1584 727 1644 caput
740 1575 868 1645 inquiner
880 1577 952 1632 albis

224 1660 377 1714 Corvorum
390 1677 396 1723 ;
416 1668 499 1728 atque
512 1659 541 1712 in
554 1675 598 1712 me
611 1658 704 1712 veniat
717 1659 833 1712 mictum
846 1668 930 1729 atque
942 1671 1069 1716 cacatum

221 1742 310 1811 Julius
324 1751 351 1795 et
364 1741 469 1810 fragilis
483 1741 610 1795 Pediatia
622 1741 720 1810 surque
732 1743 868 1796 Voranus.
949 1761 955 1772 ·

222 1826 338 1894 Singula
350 1825 418 1894 quid
430 1841 591 1892 memorem,
605 1841 660 1894 quo
673 1834 756 1893 pacto
769 1825 876 1877 alterna
887 1826 1034 1895 loquentes

224 1908 350 1960 Umbrae
363 1924 427 1961 cum
441 1908 553 1975 Sagana
565 1916 728 1961 resonarent
740 1907 819 1961 triste
832 1917 860 1961 et
870 1918 984 1962 acutum
997 1929 1004 1975 ;

226 1991 320 2058 thue
333 1989 391 2058 lupi
403 1989 521 2042 barbam
534 1989 628 2042 variae
640 2006 705 2042 curn
718 1989 802 2043 dente
813 1991 945 2045 colubrae

206 2108 210 2120 .
223 2071 390 2125 Abdiderint
402 2070 497 2125 furtim
509 2072 589 2126 terris
601 2091 607 2136 ;
627 2082 655 2125 et
667 2072 789 2142 imagine
802 2090 883 2127 cerea

225 2154 341 2222 Largior
352 2155 449 2207 arserit
462 2154 534 2223 ignis
549 2173 555 2218 ;
576 2163 602 2207 et
616 2164 645 2209 ut
658 2172 715 2208 non
728 2155 808 2209 testis
822 2156 924 2210 inultus

226 2236 390 2289 Horruerim
403 2253 485 2289 voces
499 2237 646 2290 Furiarum
659 2247 686 2291 et
698 2238 773 2291 lacta
783 2238 919 2294 duarum?

227 2320 313 2385 Nam,
326 2319 451 2388 displosa
464 2327 545 2372 sonat
558 2329 694 2388 quantum
707 2321 808 2387 vesica,
821 2322 922 2390 pepedi

228 2400 345 2454 Diffissa
356 2410 422 2454 nate
435 2400 511 2453 ficus.
550 2403 588 2454 At
601 2401 664 2454 illae
677 2417 784 2454 currere
798 2402 826 2455 in
838 2403 953 2457 urbem:

229 2483 363 2537 Canidiae
377 2484 484 2550 dentes,
497 2484 584 2537 altum
598 2484 726 2552 Saganae
739 2484 909 2539 caliendrum

227 2566 373 2640 Excirje,
386 2576 470 2636 atque
483 2566 593 2635 herbas,
606 2575 689 2635 atque
703 2566 845 2621 incantata
856 2569 967 2624 lacertis

223 2650 351 2717 Vincula,
365 2666 430 2704 cum
443 2666 546 2719 magno
559 2649 671 2721 risuque
680 2649 800 2721 jocoque
813 2651 929 2706 videres.
1050 2687 1075 2723 50

527 2923 692 2977 SATIRA
723 2924 775 2976 IX.

227 3069 306 3120 ΙΒΑΜ
319 3067 389 3122 forte
402 3068 448 3122 via
458 3085 546 3135 sacra,
559 3069 630 3123 sicut
642 3086 721 3123 meus
734 3079 776 3123 est
789 3086 859 3137 mos,

227 3149 330 3204 Nescio
344 3151 412 3220 quid
429 3152 568 3206 meditans
580 3168 718 3221 nugarum
731 3171 738 3216 ;
757 3161 832 3207 totus
845 3153 874 3206 in
887 3154 948 3208 illis.

224 3234 352 3288 Accurrit
365 3235 480 3306 quidam
492 3243 575 3288 notus
588 3235 656 3288 mihi
669 3235 782 3288 nomine
794 3245 912 3305 tantum,

223 3318 399 3389 Arreptaque
411 3336 505 3386 manu,
520 3318 677 3388 Quid'agis,
690 3319 851 3374 dulcissime
864 3323 974 3377 rerum?

226 3399 361 3468 Suaviter,
371 3411 402 3455 ut
414 3418 488 3456 nunc
501 3411 551 3468 est,
564 3401 688 3471 inquam,
698 3411 725 3455 et
738 3402 821 3471 cupio
833 3403 928 3457 omnia
939 3422 1011 3474 quae
1023 3405 1072 3460 vis.

226 3482 297 3537 Cum
310 3495 510 3540 assectaretur:
533 3487 610 3539 Num
623 3485 689 3556 quid
702 3485 763 3539 vis?
781 3504 894 3556 occupo.
933 3490 971 3542 At
984 3489 1037 3556 ille,
1062 3503 1074 3540 ⁶
