2792 4168
496 445 597 488 uranu.
643 445 775 489 cnumcri
797 446 827 488 x.
1027 446 1085 506 155

365 573 422 628 Aut
434 573 481 629 ille
493 583 606 628 centum
619 573 743 628 nobilem
757 575 870 628 Cretam
883 571 1006 640 urbibus,

399 657 499 711 Ventis
512 657 600 710 iturus
613 674 671 710 non
684 657 749 723 suis,

366 740 540 794 Exercitatas
553 749 602 794 aut
613 740 684 810 petit
698 741 794 809 Syrtes
808 742 893 808 Noto,

399 824 457 877 Aut
469 823 554 877 fertur
566 823 673 877 incerto
685 823 765 877 mari.

366 906 533 975 Capaciores
546 906 613 960 affer
624 906 689 973 huc,
701 922 780 976 puer,
791 907 921 976 scyphos,

401 990 439 1044 Et
452 989 523 1043 Chia
535 989 608 1058 vina,
621 997 669 1044 aut
683 989 793 1057 Lesbia,

364 1072 425 1139 Vel,
438 1073 513 1143 quod
525 1072 659 1127 fluentem
671 1089 805 1127 nauseam
818 1077 953 1142 coerceat,

401 1155 502 1210 Metire
514 1155 596 1210 nobis
610 1157 780 1211 Caecubum.

365 1240 469 1295 Curam
481 1248 643 1310 metumque
657 1239 785 1295 Caesaris
797 1255 889 1296 rerum
898 1240 978 1310 juvat

400 1321 483 1378 Dulci
497 1323 589 1392 Lyaeo
602 1322 716 1379 solvere.

536 1505 725 1561 CARMEN
757 1507 791 1561 X.

486 1639 521 1680 ru
539 1639 688 1683 unuvruM
707 1639 839 1682 Possunt.

364 1749 459 1802 MALA
473 1749 565 1802 soluta
577 1749 656 1803 navis
669 1749 725 1803 exit
737 1749 811 1818 alite,

399 1832 504 1885 Ferens
517 1832 639 1886 olentem
652 1833 803 1887 Maevium.

364 1914 405 1968 Ut
417 1913 537 1968 horridis
549 1923 698 1986 utrumque
710 1916 838 1970 verberes
850 1916 932 1983 latus,

398 1997 507 2065 Auster,
520 2007 662 2052 memento
674 1999 822 2064 fluctibus;

364 2078 453 2148 Niger
463 2079 595 2134 rudentes
608 2083 708 2149 Eurus,
722 2081 831 2137 inverso
843 2081 923 2152 mari,

400 2162 571 2232 Fractosque
582 2180 674 2218 remos
688 2164 797 2220 differat
809 2185 816 2230 ;

365 2243 495 2312 Insurgat
505 2244 616 2315 Aquilo,
629 2255 750 2316 quantus
763 2247 826 2302 altis
838 2247 981 2303 montibus

399 2326 515 2396 Frangit
527 2335 676 2382 trementes
689 2328 766 2383 ilices
777 2347 784 2394 ;

366 2409 428 2463 Nec
441 2409 518 2463 sidus
532 2419 593 2464 atra
604 2419 688 2465 nocte
701 2411 823 2466 amicum
836 2423 978 2483 appareat,

401 2493 466 2561 Qua
477 2493 564 2547 tristis
577 2493 665 2548 Orion
678 2495 753 2549 cadit
764 2513 770 2550 :

365 2575 508 2645 Quietiore
519 2592 571 2630 nec
583 2575 687 2630 feratur
698 2593 826 2649 aequore,

400 2660 493 2729 Quam
507 2659 594 2714 Graia
604 2659 742 2715 victorum
754 2678 863 2730 manus,

364 2741 437 2797 Cum
450 2741 543 2796 Pallas
556 2751 619 2802 usto
632 2743 714 2798 vertit
726 2743 797 2799 iram
810 2745 847 2800 ab
861 2744 914 2799 Ilio

400 2826 435 2878 In
448 2825 564 2895 impiam
576 2826 672 2895 Ajacis
684 2836 781 2882 ratem.

364 2909 389 2962 Ο
403 2917 525 2979 quantus
537 2909 623 2964 instat
635 2909 739 2964 navitis
751 2910 836 2966 sudor
848 2911 912 2978 tuis,

397 2991 519 3063 Tibique
531 2993 621 3062 pallor
632 2994 732 3062 luteuS,

364 3075 402 3129 Et
413 3074 463 3129 illa
474 3091 532 3129 non
544 3075 631 3130 virilis
644 3075 767 3146 ejulatio,

400 3159 499 3212 Preces
512 3167 540 3212 et
553 3176 683 3214 aversum
695 3158 732 3213 ad
743 3161 851 3229 Jovem,

365 3241 461 3296 Ionius
473 3240 529 3296 udo
542 3258 607 3296 cum
619 3242 778 3312 remugiens
791 3241 869 3298 sinus

400 3324 478 3380 Noto
491 3325 616 3380 carinam
628 3326 751 3397 ruperit!

364 3407 469 3477 Opima
481 3409 582 3479 quodsi
594 3409 699 3479 praeda
711 3426 795 3465 curvo
807 3410 886 3466 litore

399 3493 531 3548 Porrecta
542 3509 654 3564 mergos
663 3492 777 3563 juveris,
