2804 4176
342 467 399 522 182
594 477 725 520 noxam
749 477 931 520 sxrmxxux

338 610 394 664 Hic
407 627 467 679 ego,
480 619 593 679 propter
605 626 716 680 aquam,
730 609 806 678 quod
819 617 878 663 erat
891 607 1048 675 deterrima,
1061 608 1151 662 ventri

339 693 436 746 Indico
448 693 560 760 bellum,
573 701 723 747 coenantes
736 692 812 745 haud
825 692 920 744 animo
933 709 1022 761 aequo

337 779 512 846 Exspectans
525 778 649 831 comites.
686 778 749 846 Jam
762 793 818 829 nox
830 776 962 829 inducere
974 775 1054 829 terris

337 860 469 928 Umbras,
483 870 510 914 et
523 861 601 915 caelo
614 860 768 914 diffundere
782 860 862 928 signa
875 859 1000 928 parabat.

337 944 410 997 Tum
423 944 500 1012 pueri
513 943 614 1011 nautis,
628 943 720 1012 pueris
734 943 861 996 convicia
873 950 975 995 nautae

337 1028 472 1095 Ingerere.
514 1028 578 1080 Huc
592 1026 707 1095 appelle.
744 1026 897 1078 Trecentos
910 1025 1009 1078 inseris
1021 1043 1028 1089 ;
1047 1024 1118 1077 ohe!

334 1109 397 1176 Jam
411 1109 478 1162 satis
491 1111 550 1162 est!
589 1111 666 1162 Dum
678 1125 727 1161 aes
741 1107 867 1176 exigitur,
881 1106 949 1160 dum
962 1107 1038 1160 mula
1050 1107 1151 1175 ligatur

334 1192 409 1245 Tota
421 1192 479 1245 abit
492 1192 568 1244 hora.
602 1191 672 1244 Mali
686 1191 797 1257 culices,
810 1207 951 1260 ranaeque
963 1191 1100 1259 palustres

335 1275 475 1328 Avertunt
488 1291 609 1328 somnos.
648 1274 803 1328 Absentem
816 1282 846 1327 ut
859 1283 953 1327 cantat
966 1273 1086 1326 amicam

339 1358 430 1411 Multa
442 1358 567 1426 prolutus
581 1374 674 1426 vappa
685 1366 779 1423 nauta,
793 1365 876 1426 atque
889 1356 979 1409 viator

337 1441 479 1508 Certatim,
489 1439 604 1494 tandem
616 1440 705 1493 fessus
719 1439 839 1492 dormire
851 1439 942 1492 viator

337 1523 446 1592 Incipit,
460 1539 493 1576 ac
506 1522 608 1575 missae
621 1530 733 1590 pastum
745 1520 898 1574 retinacula
910 1522 1003 1574 mulae

335 1607 431 1660 Nauta
443 1605 521 1674 piger
533 1621 600 1658 saxo
612 1604 719 1673 religat,
733 1604 878 1674 stertitque
891 1605 1017 1673 supinus.

333 1691 450 1760 Jamque
463 1689 523 1741 dies
536 1689 640 1754 aderat,
653 1686 692 1740 nil
705 1704 769 1741 cum
782 1688 931 1757 procedere
945 1687 1056 1741 lintrem

335 1773 494 1826 Sentimus:
515 1770 604 1824 donec
617 1771 778 1824 cerebrosus
791 1771 900 1839 prosilit
913 1788 993 1837 unus,

332 1857 375 1908 Ac
388 1855 479 1907 mulae
492 1863 648 1923 nautaeque
661 1862 744 1922 caput
756 1853 922 1923 lumbosque
936 1853 1044 1921 saligno

334 1938 420 1990 Fuste
433 1936 509 1989 dolat
522 1955 528 1990 ε
549 1945 649 2006 quarta
660 1935 706 1988 vix
720 1935 833 1989 demum
846 1935 1011 2004 exponimur
1023 1935 1101 1988 hora.

335 2021 393 2073 Ora
404 2035 559 2089 manusque
571 2028 620 2072 tua
632 2019 759 2085 lavimuS,
774 2018 902 2085 Feronia,
915 2019 1038 2086 lympha.

335 2101 426 2154 Millia
438 2111 498 2154 tum
511 2102 606 2170 pransi
620 2101 673 2155 tria
685 2101 816 2170 repimuS,
829 2110 913 2171 atque
926 2101 1053 2154 subimus

336 2184 502 2254 Impositum
515 2185 588 2238 saxis
601 2186 657 2238 late
670 2184 854 2238 candentibus
868 2186 971 2237 Anxur.

335 2268 400 2320 Huc
412 2277 543 2321 venturus
557 2277 616 2320 erat
630 2269 790 2334 Maecenas
804 2266 926 2334 optimus
939 2275 1023 2337 atque

333 2350 476 2417 Cocceius,
489 2350 567 2404 missi
581 2351 691 2419 magnis
704 2350 739 2403 de
752 2351 834 2403 rebus
849 2359 963 2419 uterque

334 2433 439 2502 Legati,
453 2450 565 2486 aversos
578 2433 652 2487 soliti
666 2448 833 2502 componere
847 2430 960 2485 amicos

334 2514 389 2568 Hic
403 2516 489 2569 oculis
503 2533 554 2584 ego
567 2515 647 2584 nigra
659 2516 729 2568 meis
742 2513 857 2582 collyria
869 2514 961 2583 lippus

334 2597 452 2652 Illinere.
491 2599 603 2651 Interea
616 2601 767 2652 Maecenas
780 2597 893 2650 advenit
907 2606 990 2666 atque

332 2681 466 2734 Cocceius
481 2681 635 2752 Capitoque
648 2682 731 2736 simul
745 2681 887 2747 Fonteius,
901 2680 937 2733 ad
950 2698 1073 2750 unguem

332 2763 435 2817 Factus
448 2764 542 2830 homo,
554 2766 668 2832 Antoni,
681 2783 738 2818 non
752 2774 781 2818 ut
794 2764 884 2832 magis
899 2765 976 2831 alter,
989 2764 1103 2818 amicus

332 2846 447 2899 Fundos
459 2846 571 2900 Aufidio
586 2849 675 2901 Lusco
688 2856 814 2917 praetore
826 2847 945 2901 libenter

333 2927 505 2998 Linquimus,
520 2928 611 2982 insani
624 2930 745 2984 ridentes
758 2930 883 3000 praemia
896 2931 1013 2997 scribae,

333 3012 509 3065 Praetextam
522 3021 550 3066 et
562 3013 649 3067 latum
662 3014 772 3066 clavum
785 3030 945 3084 prunaeque
957 3014 1092 3068 batillum.

335 3094 369 3146 In
383 3095 590 3149 Mamurrarum
602 3095 668 3149 lassi
682 3096 782 3149 deinde
795 3097 863 3149 urbe
876 3111 1031 3163 manemus,

333 3182 454 3234 Murena
466 3184 617 3251 praebente
630 3183 752 3250 domum,
767 3184 905 3252 Capitone
917 3184 1047 3237 culinam.

333 3265 449 3317 Postera
461 3265 508 3318 lux
521 3267 607 3320 oritur
619 3267 706 3320 multo
719 3265 897 3334 gratissIma;
915 3283 1038 3337 namque

334 3347 440 3400 Plotius
453 3357 481 3400 et
493 3349 593 3402 Varius
607 3350 757 3404 Sinuessae
769 3349 957 3419 Virgiliusque

333 3431 498 3496 Occurrunt,
511 3431 630 3498 animae,
644 3431 740 3501 quales
753 3447 843 3501 neque
856 3431 1033 3486 candidiores

330 3516 417 3568 Terra
429 3513 500 3580 tulit,
513 3530 602 3584 neque
615 3514 676 3584 quis
689 3531 734 3568 me
748 3514 784 3567 sit
797 3514 951 3568 devinctior
964 3515 1039 3568 alter.
1151 3551 1176 3586 42
