2792 4168
492 470 593 515 LIBER.
639 469 770 514 cnRMEN
792 467 831 512 VI.
1024 470 1079 530 151

353 600 447 670 Majus
459 599 575 670 parabo,
587 598 679 669 majus
691 597 837 656 infundam
849 599 900 654 tibi

388 682 554 738 Fastidienti
565 682 706 751 poculum,

353 767 489 838 Priusque
500 767 610 821 caelum
622 765 694 820 sidet
706 763 820 822 inferius
832 766 912 834 mari,

386 851 498 904 Tellure
509 858 637 919 porrecta
649 865 741 918 super,

354 934 447 1002 Quam
459 948 516 987 non
529 947 624 986 amore
636 931 677 986 sic
689 948 753 986 meo
765 933 875 1002 flagres,
887 931 929 987 uti

388 1015 520 1069 Bitumen
532 1014 600 1068 atris
613 1013 731 1083 ignibus.

353 1099 413 1153 Sub
424 1098 495 1153 haec
507 1114 585 1167 puer,
594 1096 655 1167 iam
667 1113 733 1165 non,
746 1105 776 1153 ut
789 1106 863 1166 aute,
875 1096 1009 1153 mollibus

389 1181 489 1236 Lenire
500 1180 593 1235 verbis
606 1179 716 1251 impias,

354 1264 411 1318 Sed
423 1263 524 1319 dubius
538 1262 612 1318 unde
624 1272 764 1333 rumperet
776 1263 927 1332 silentium,

390 1347 471 1402 Misit
483 1347 639 1416 Thyesteas
649 1362 747 1416 preces
758 1365 764 1403 :

352 1432 470 1485 Venena
480 1446 616 1500 magnum
627 1429 670 1484 ias
682 1428 816 1501 nefasque
827 1448 885 1486 non
897 1433 990 1489 valent
1068 1487 1070 1492 .

388 1516 556 1570 Convertere
567 1515 721 1569 humanam
733 1514 841 1571 vicem:

354 1598 431 1653 Diris
444 1615 528 1668 agam
539 1615 589 1653 vos
601 1617 608 1663 ;
627 1597 689 1652 dira
701 1596 851 1654 detestatio

388 1682 476 1736 Nulla
487 1680 614 1751 expiatur
625 1680 749 1736 victima.

352 1764 436 1835 Quin,
449 1764 498 1818 ubi
509 1763 599 1835 perire
608 1764 704 1834 jussus
717 1763 902 1834 exspiravere,

389 1848 551 1902 Nocturnus
563 1863 710 1901 occurram
721 1845 804 1915 furor,

354 1931 507 2001 Petamque
519 1931 610 1986 voltus
623 1931 724 1985 umbra
735 1931 827 1986 curvis
840 1932 988 2003 unguibus,

390 2013 482 2083 (Quae
493 2013 536 2067 vis
549 2014 665 2068 deorum
678 2023 721 2068 est
733 2014 870 2084 manium)

354 2097 392 2150 Et
404 2095 536 2167 inquietis
548 2095 676 2150 assidens
688 2097 868 2166 praecordiis,

389 2181 496 2234 Pavore
508 2196 623 2234 somnos
635 2180 767 2236 auferam.

354 2264 412 2317 Vos
425 2263 509 2317 turba
519 2262 635 2317 vicatim
647 2263 713 2318 hinc
726 2274 754 2319 et
766 2265 832 2319 hinc
845 2265 920 2320 saxis
932 2275 1029 2336 petens

391 2345 551 2400 Contundet
563 2345 718 2400 obscoenas
731 2363 819 2402 anus:

355 2428 431 2496 Post,
444 2427 584 2498 insepulta
595 2430 723 2483 membra
734 2429 862 2485 different
874 2430 932 2500 lupi

391 2512 429 2564 Et
443 2510 606 2581 Esquilinae
617 2510 698 2564 alites
709 2528 717 2576 ;

356 2595 456 2665 Neque
468 2594 522 2649 hoc
534 2601 664 2663 parentes
678 2593 744 2663 (heu
755 2593 825 2648 mihi
838 2594 999 2666 superstites
1013 2597 1032 2666 ἔ)

390 2676 526 2748 Effugerit
538 2677 737 2747 spectaculum.

528 2985 714 3042 CARMEN
746 2987 800 3041 Vi.

485 3132 519 3173 ru
538 3131 672 3176 cassium
691 3131 846 3177 suvsaun.

356 3255 441 3325 QUID
453 3254 632 3310 immerentes
643 3254 770 3325 hospites
782 3272 875 3324 vexas,
888 3257 975 3325 canis,

393 3339 515 3407 Ignarus
528 3337 677 3392 adversum
688 3339 790 3408 lupos?

356 3421 432 3492 Quin
443 3421 499 3477 huo
511 3421 617 3489 inanes,
631 3419 654 3474 si
666 3430 756 3491 potes,
767 3419 853 3478 vertis
865 3419 965 3490 minas,

393 3507 430 3560 Et
442 3521 488 3561 me
500 3521 688 3563 remorsurum
700 3505 780 3578 petis.
