2766 4162
592 473 730 519 iiORATiI
754 475 927 520 CARMINUM

667 1281 718 1310 Slill’
731 1280 794 1309 wrrll
809 1279 888 1310 suns.

553 1398 651 1464 Navis
665 1414 737 1467 quae
749 1397 800 1451 tibi
814 1397 951 1452 creditum

500 1481 595 1536 Debes
608 1481 764 1550 Virgilium,
777 1480 881 1535 finibus
892 1481 994 1535 Atticis

553 1563 667 1618 Reddas
680 1565 858 1633 incolumem,
870 1581 976 1634 precor,

501 1649 539 1701 Et
552 1664 644 1701 serves
656 1648 768 1702 animae
781 1647 930 1703 dimidium
941 1663 1029 1702 meae.

558 1805 602 1858 llli
614 1805 699 1859 robur
711 1814 739 1859 et
751 1822 799 1859 aes
812 1805 911 1876 triplex

501 1889 583 1943 Circa
595 1897 693 1957 pectus
705 1898 773 1956 erat,
786 1889 833 1959 qui
846 1889 974 1958 fragilem
986 1889 1057 1943 truci

554 1970 703 2025 Commisit
715 1971 815 2041 pelago
827 1981 918 2025 ratem

502 2052 620 2121 Primus,
633 2070 685 2108 nec
698 2053 791 2108 timuit
802 2053 985 2123 praecipitem
997 2053 1123 2108 Africum

554 2213 754 2266 Decertantem
765 2210 961 2282 Aquilonibus

502 2296 563 2348 Nec
575 2294 668 2348 tristes
683 2294 800 2364 Hyadas
812 2311 864 2348 nec
877 2295 985 2348 rabiem
999 2295 1076 2362 Noti,

554 2379 617 2447 Quo
628 2395 686 2431 non
699 2377 802 2432 arbiter
815 2377 941 2431 Hadriae

502 2461 603 2531 Major,
616 2462 712 2515 tollere
725 2478 774 2515 seu
786 2477 890 2531 ponere
902 2461 960 2514 volt
972 2460 1050 2515 freta

555 2620 646 2688 Quem
658 2618 756 2672 mortis
768 2617 861 2672 timuit
873 2618 1000 2687 gradum,

501 2701 556 2771 Qui
569 2701 651 2754 siccis
664 2701 752 2754 oculis
765 2709 892 2754 monstra
902 2700 1038 2767 natantia,

554 2784 609 2853 Qui
622 2783 692 2837 vidit
703 2799 781 2837 mare
793 2782 936 2852 turgidum
948 2791 976 2836 et

504 2865 626 2920 Infames
640 2867 770 2934 scopulos
782 2866 1007 2919 Acroceraunia?

556 3023 754 3094 Nequicquam
768 3024 847 3076 Deus
859 3022 982 3077 abscidit

502 3106 627 3161 Prudens
641 3107 756 3160 Oceano
769 3105 940 3160 dissociabili

554 3190 665 3257 TerraS,
679 3189 702 3242 si
715 3198 810 3244 tamen
824 3189 927 3258 impiae

503 3275 569 3326 Non
582 3272 725 3341 tangenda
736 3281 810 3326 rates
823 3271 982 3326 transiliunt
994 3271 1074 3326 vada

552 3429 653 3483 Audax
666 3428 761 3482 omnia
773 3428 880 3497 perpeti

503 3513 579 3566 Gens
593 3512 717 3565 humana
728 3510 783 3564 ruit
795 3527 845 3580 per
856 3509 974 3566 vetitum
986 3519 1013 3566 et
1026 3511 1112 3566 nefas.
