2792 4168
582 457 714 501 HORATII
735 458 907 502 CARMINUM

609 912 798 966 CARMEN
827 913 879 966 IX

564 1069 696 1113 CARMEN
714 1071 919 1114 AMOEBAEUM.

425 1205 537 1258 DONEC
550 1213 645 1273 gratus
659 1221 736 1258 eram
748 1205 808 1272 tibi,

459 1288 486 1339 N
490 1303 521 1340 ec
534 1286 683 1358 quisquam
695 1287 787 1356 potior
798 1286 915 1342 brachia
927 1285 1064 1341 candidae

424 1369 531 1424 Cervici
541 1370 652 1440 juvenis
665 1369 761 1437 dabat,

459 1454 607 1507 Persarum
618 1452 694 1522 vigui
706 1469 771 1522 rege
782 1451 898 1507 beatior.

426 1611 525 1663 Donec
537 1626 594 1663 non
607 1608 663 1662 alia
674 1609 765 1678 magis

458 1692 567 1760 Arsisti,
580 1707 671 1762 neque
683 1700 742 1745 erat
756 1691 844 1760 Lydia
856 1700 920 1762 post
935 1692 1048 1757 Cfflotn,

425 1775 508 1829 Multi
522 1774 611 1844 Lydia
623 1774 745 1828 nominis

461 1858 592 1911 Romana
603 1856 678 1926 vigui
691 1857 791 1911 clarior
805 1857 864 1911 Ilia.

704 1939 730 1966 ’1

428 2015 476 2067 Me
488 2029 563 2067 nunc
575 2000 700 2067 Thressa'
714 2014 801 2068 Chlo'e‘
812 2014 891 2083 regit,

460 2096 565 2151 Dulces
578 2095 663 2150 docta
674 2096 784 2164 modos,
796 2107 824 2152 et
836 2097 961 2151 citharae
973 2097 1072 2164 sciens,

426 2181 480 2233 Pro
493 2196 550 2250 qua
560 2196 619 2234 nou
631 2188 756 2234 metuam
768 2181 847 2249 mori,
935 2189 937 2193 ’

461 2261 491 2317 Si
504 2271 620 2333 parcent
633 2262 744 2319 animae
756 2263 815 2318 fata
827 2264 975 2334 superstiti.

427 2423 476 2475 Me
489 2430 574 2475 torret
586 2420 647 2475 face
656 2430 755 2475 mutua

461 2503 580 2558 Thurini
594 2504 688 2558 Calais
700 2503 773 2557 filius
787 2503 895 2572 Ornyti,

428 2589 481 2641 Pro
495 2605 550 2658 quo
563 2586 607 2641 bis
620 2587 712 2657 patiar
723 2586 803 2653 mori,

463 2669 494 2724 Si
506 2678 622 2738 parcent
634 2685 720 2739 puero
732 2667 791 2722 sata
804 2667 951 2737 superstiti.

430 2825 524 2896 Quid?
543 2825 566 2878 si
579 2825 672 2895 prisca
683 2824 757 2879 redit
769 2826 874 2891 Venus,

464 2907 659 2977 Diductosque
667 2908 736 2977 jugo
749 2906 824 2976 cogit
836 2907 943 2961 a'e'neo?

428 2992 459 3046 Si
472 2992 545 3045 flava
557 2991 693 3045 excutitur
707 2991 803 3057 Chloe,

464 3074 651 3144 Rejectaeque
662 3082 740 3143 patet
749 3073 838 3142 janua
851 3072 977 3142 Lydiae?

430 3232 609 3300 Quamquam
621 3229 712 3285 sidere
725 3229 866 3299 pulchrior

464 3312 579 3380 llle.est,
595 3322 624 3366 tu
636 3313 723 3366 levior
735 3312 846 3380 cortice,
859 3320 887 3366 et
899 3311 1027 3380 improbo

431 3393 593 3448 iracundior
606 3395 716 3448 Hadria
727 3413 734 3459 ;

464 3478 571 3531 Tecum
583 3476 675 3531 vivere
687 3493 788 3544 amem,
801 3485 894 3530 tecum
906 3475 1008 3530 obeam
1019 3474 1116 3531 libens.
