2792 4168
322 461 380 501 110

578 461 710 506 HORATII
733 461 905 507 CARMINUM

444 590 489 646 'Sis
501 591 568 646 licet
579 591 644 647 felix
656 593 814 664 ubicunque
826 593 923 661 mavis,

447 677 484 728 Et
497 691 605 730 mernor
617 677 712 738 nostri,
729 678 855 744 Galatea,
868 677 963 732 vivas:

446 759 542 829 Teque
555 776 606 813 nec
618 760 714 814 laevus
727 769 801 814 vetet
814 760 853 814 ire
865 760 953 831 picus,

517 845 578 897 Nec
591 861 664 913 vaga
675 844 778 898 cornix.

446 977 502 1032 Sed
514 977 601 1046 vides,
614 988 719 1049 quanto
731 980 851 1049 trepidet
862 977 982 1034 tumultu

446 1062 554 1116 Pronus
568 1061 663 1116 Orion.
703 1064 765 1131 Ego
778 1063 845 1134 quid
858 1063 894 1116 sit
906 1072 966 1117 ater

446 1145 580 1214 Hadriae,
593 1147 666 1214 novi,
680 1147 766 1215 sinus,
779 1157 807 1202 et
819 1147 887 1218 quid
899 1148 980 1202 albus

516 1231 617 1284 Peccet
631 1232 727 1299 Iapyx.

446 1362 580 1418 Hostium
592 1380 691 1417 uxores
702 1362 836 1434 puerique
848 1379 947 1418 caecos

445 1445 573 1500 Sentiant
585 1456 678 1499 motus
691 1446 805 1500 orientis
817 1445 912 1500 Austri
925 1456 953 1500 et

443 1527 580 1599 Aequoris
590 1527 661 1597 nigri
673 1527 814 1582 fremitum
827 1537 854 1583 et
867 1538 1017 1584 trementes

512 1611 635 1665 Verbere
646 1611 730 1680 ripas.

444 1743 491 1798 Sic
503 1753 530 1797 et
544 1745 656 1812 Europe
668 1743 780 1798 niveum
793 1744 891 1799 doloso

444 1826 568 1882 Credidit
581 1835 660 1880 tauro
672 1826 754 1893 latus,
766 1836 794 1880 et
807 1836 961 1883 scatentem

444 1909 538 1964 Beluis
550 1917 668 1978 pontum
680 1909 843 1980 mediasque
855 1909 966 1964 fraudes

514 1992 616 2047 Palluit
629 1992 729 2046 audax.

444 2129 542 2197 Nuper
554 2125 583 2179 in
595 2124 682 2195 pratis
696 2125 822 2180 studiosa
833 2125 941 2194 florum,
954 2137 982 2181 et

444 2210 565 2266 Debitae
579 2208 719 2278 Nymphis
732 2209 824 2278 opifex
836 2225 963 2277 coronae,

444 2296 536 2349 Nocte
549 2291 680 2348 sublustri
693 2291 762 2345 nihil
774 2301 851 2347 astra
863 2303 972 2362 praeter

512 2375 591 2430 Vidit
603 2383 630 2430 et
643 2373 740 2429 undas.

443 2511 523 2583 Quae
536 2507 619 2563 simul
631 2517 743 2563 centum
755 2507 846 2577 tetigit
858 2516 1000 2578 potentem
1028 2517 1034 2552 ἐ

443 2592 563 2664 Oppidis
577 2593 695 2647 Creten:
717 2593 807 2659 Pater,
820 2608 837 2645 o
849 2592 976 2646 relictum

443 2677 530 2731 Filiae
542 2691 645 2729 nornen
657 2675 809 2745 pietasque,
822 2673 901 2741 dixit,

511 2758 595 2813 Victa
607 2758 715 2814 surore!

442 2892 545 2949 Unde?
563 2908 619 2962 quo
631 2890 714 2944 veni?
751 2888 831 2944 Levis
844 2907 901 2944 una
912 2907 988 2945 mors
1001 2901 1043 2946 est

440 2975 587 3046 Virginum
600 2975 706 3044 culpae.
742 2973 907 3043 Vigilansne
918 2975 997 3044 ploro

440 3062 535 3131 Turpe
547 3057 749 3114 commissum?
767 3074 804 3111 an
816 3056 891 3112 vitiis
903 3066 1044 3112 carentem

511 3142 595 3196 Ludit
607 3141 700 3211 imago

440 3264 529 3329 Vana,
542 3277 614 3332 quae
626 3269 707 3330 porta
718 3259 828 3329 fugiens
841 3259 947 3313 eburna

440 3344 587 3399 Somnium
599 3343 695 3398 ducit?
713 3342 849 3397 meliusne
860 3341 960 3395 fluctus

442 3429 485 3481 Ire
497 3443 547 3496 per
558 3426 656 3495 longos
669 3425 729 3493 fuit,
742 3442 779 3479 an
791 3432 916 3479 recentes

512 3509 632 3579 Carpere
644 3508 744 3563 flores?
