2804 4176
342 424 402 496 238
577 432 709 479 uomrn
733 433 951 478 crisromnun

341 568 393 620 Est
406 565 540 632 animum,
553 562 647 618 differs
660 561 776 619 curandi
788 574 899 634 tempus
913 565 942 618 in
954 565 1080 618 annum?

343 649 500 703 Dimidium
512 648 588 716 sacti,
601 648 648 718 qui
661 648 762 718 coepit,
775 648 879 702 habet:
900 664 997 717 sapere
1010 647 1082 702 aude
1093 666 1101 711 ;

342 733 455 802 Incipe:
477 732 532 801 Qui
544 740 618 786 recte
631 731 744 786 vivendi
756 740 888 800 prorogat
899 732 1007 798 horam,

342 815 474 869 Rusticus
486 824 629 884 exspectat
641 815 709 869 dum
722 815 826 868 defluat
839 815 930 868 amnis
943 833 950 880 ;
969 824 998 868 at
1011 815 1057 868 ille

342 899 466 966 Labitur,
479 908 507 954 et
519 899 628 953 labetur
640 899 669 953 in
682 915 765 953 omne
777 898 907 952 volubilis
921 914 1028 952 aevum.

343 983 491 1053 Quaeritur
503 992 658 1053 argentum,
670 982 819 1052 puerisque
831 982 916 1037 beata
928 980 1056 1035 creandis

344 1069 431 1134 Uxor,
444 1075 472 1120 et
484 1066 605 1121 incultae
616 1075 754 1135 pacantur
765 1081 877 1119 vomere
890 1065 993 1118 silvae:

344 1150 428 1219 Quod
441 1150 509 1204 satis
522 1159 564 1204 est
576 1149 621 1203 cui
634 1149 779 1217 contingit,
791 1148 861 1201 nihil
873 1147 992 1217 amplius
1005 1155 1090 1216 optet

344 1235 411 1287 Non
424 1233 524 1287 doinus
537 1243 565 1287 et
577 1231 688 1298 fundus,
701 1248 758 1285 non
771 1231 842 1284 aeris
855 1247 971 1284 acervus
984 1239 1012 1283 et
1025 1229 1085 1284 auri

342 1317 466 1385 Aegroto
479 1315 586 1369 domini
599 1314 714 1368 deduxit
726 1331 842 1383 corpore
854 1314 955 1380 febres,

344 1400 412 1452 Non
424 1398 520 1451 animo
532 1413 620 1452 curas.
658 1396 759 1450 Valeat
771 1412 917 1464 possessor
929 1404 1047 1464 oportet,

344 1481 375 1535 Si
387 1480 568 1550 comportatis
581 1480 664 1533 rebus
676 1479 748 1532 bene
761 1479 866 1547 cogitat
878 1478 926 1532 uti.

345 1564 400 1632 Qui
413 1564 490 1633 cupit
502 1571 550 1617 aut
562 1561 670 1628 metuit,
679 1561 760 1631 juvat
772 1561 850 1615 illum
863 1561 902 1614 sic
915 1560 1016 1614 domus
1029 1569 1056 1615 et
1068 1576 1120 1625 res,

347 1649 388 1702 Ut
399 1647 508 1716 lippum
520 1646 612 1715 pictae
624 1645 745 1711 tabulae,
757 1644 882 1698 fomenta
893 1643 1057 1713 podagram,

344 1729 491 1784 Auriculas
505 1729 630 1782 citharae
642 1727 760 1782 collecta
773 1728 855 1781 sorde
867 1727 1001 1781 dolentes.

347 1812 493 1866 Sincerum
506 1820 548 1865 est
560 1810 615 1864 nisi
627 1827 686 1876 vaS,
699 1809 884 1880 quodcunque
898 1809 1028 1877 infundis,
1041 1809 1153 1864 acescit.
1208 1874 1211 1878 ,

346 1897 453 1965 Sperne
465 1894 622 1962 voluptates
635 1911 640 1946 :
661 1902 744 1947 nocet
757 1901 853 1962 empta
865 1893 960 1947 dolore
971 1893 1107 1962 voluptas.

346 1978 463 2045 Semper
475 1992 576 2029 avarus
589 1985 668 2044 eget:
689 1983 797 2029 certum
809 1984 876 2029 voto
887 1985 952 2045 pete
964 1975 1056 2029 finem.

347 2059 463 2114 Invidus
476 2058 589 2112 alterius
601 2057 750 2112 macrescit
762 2059 844 2112 rebus
858 2059 959 2128 opimis
971 2077 976 2112 :

348 2142 460 2196 Invidia
472 2141 559 2196 Siculi
572 2159 628 2195 non
641 2142 772 2195 invenere
784 2141 897 2210 tyranni

348 2224 443 2294 Maius
456 2233 633 2279 tormentum.
672 2224 727 2292 Qui
740 2240 797 2278 non
809 2224 1000 2279 moderabitur
1011 2225 1077 2292 irae,

351 2307 490 2361 Infectum
502 2308 577 2362 volet
590 2324 660 2374 esse,
673 2306 753 2361 dolor
765 2307 840 2376 quod
853 2307 971 2362 suaserit
984 2316 1011 2362 et
1023 2325 1111 2374 mens,

349 2393 427 2444 Dum
439 2407 545 2460 poenas
558 2390 624 2444 odio
636 2406 685 2459 per
697 2390 755 2442 vim
767 2389 881 2443 festinat
894 2390 989 2444 inulto.

349 2476 396 2528 Ira
407 2474 483 2528 furor
495 2474 588 2528 brevis
601 2483 660 2527 est:
681 2473 807 2527 animum
818 2489 883 2542 rege
894 2493 901 2538 3
921 2474 978 2544 qui,
991 2473 1045 2527 nisi
1058 2484 1145 2543 paret,

351 2559 494 2626 Imperat:
514 2557 589 2610 hunc
602 2555 696 2623 freniS,
709 2556 783 2609 hunc
796 2565 827 2610 tu
840 2573 987 2625 compesce
999 2565 1107 2610 catena.

350 2640 446 2709 Fingit
459 2657 562 2710 equum
574 2643 674 2693 tenera
682 2638 802 2692 docilem
815 2639 922 2693 cervice
933 2640 1066 2710 magister

350 2725 394 2778 Ire
407 2724 482 2777 viam
495 2741 552 2793 qua
563 2731 699 2776 monstret
712 2739 806 2792 eques.
845 2723 1006 2791 Venaticus,
1019 2740 1053 2777 ex
1066 2740 1121 2793 quo

348 2807 489 2876 Tempore
502 2806 643 2860 cervinam
655 2807 758 2875 pellem
770 2805 881 2859 latravit
894 2806 923 2859 in
936 2807 1007 2874 aula,

350 2889 455 2942 Militat
468 2889 497 2941 in
510 2887 586 2942 silvis
599 2889 715 2942 catulus
755 2889 838 2942 Nunc
851 2887 954 2943 adbibe
967 2906 1036 2958 puro

349 2973 466 3026 Pectore
478 2972 564 3025 verba
575 2989 652 3040 puer,
664 2987 738 3025 nunc
751 2979 778 3024 te
791 2971 952 3025 melioribus
965 2972 1040 3026 offer.

350 3055 413 3123 Quo
426 3054 513 3107 semel
525 3063 568 3108 est
580 3054 689 3108 imbuta
701 3070 806 3121 recem,
819 3055 942 3108 servabit
954 3055 1069 3109 odorem

285 3175 287 3180 -
348 3138 437 3190 Testa
449 3135 505 3190 diu.
545 3136 653 3206 Quodsi
667 3153 769 3204 cessas,
782 3145 831 3190 aut
844 3146 972 3191 strenuus
986 3139 1075 3191 anteis
1088 3157 1095 3201 ;

351 3219 412 3272 Nec
426 3217 538 3272 tardum
551 3219 687 3288 opperior,
700 3236 751 3274 nec
764 3219 995 3288 praecedentibus
1010 3220 1091 3274 insto.
1179 3256 1203 3291 ,1
