2804 4176
335 483 392 539 166
584 496 716 540 noanrn
740 497 922 540 snrrnnnon

348 627 506 679 Mercator:
527 634 566 692 tu,
579 627 723 680 consultus
738 625 832 693 modo,
845 625 983 679 rusticus:
1003 624 1070 678 hinc
1085 642 1143 691 vos,

346 710 404 763 Vos
416 709 482 762 hinc
494 709 609 763 mutatis
622 709 758 763 discedite
771 708 905 778 partibus.
944 709 1007 775 Eia,

348 792 423 862 Quid
436 792 535 846 statis?
552 794 582 848 N
586 792 663 846 olint.
700 792 787 863 Atqui
800 793 865 846 licet
878 809 939 846 esse
952 792 1052 846 beatis.

347 875 423 946 Quid
435 892 537 929 causae
550 885 600 942 est,
613 875 713 930 merito
726 876 794 946 quin
807 876 861 928 illis
874 875 1002 945 Juppiter
1014 876 1113 929 ambas

347 960 437 1013 Iratus
449 959 554 1013 buccas
568 959 663 1013 inflet?
682 976 773 1028 neque
786 976 816 1013 se
828 958 886 1012 fore
899 959 1017 1038 posthac

345 1043 418 1096 Tam
427 1041 537 1095 facilem
550 1042 634 1110 dicat,
646 1042 718 1096 votis
732 1052 762 1096 ut
776 1043 910 1110 praebeat
923 1042 1038 1096 aurem?

346 1126 500 1192 Praeterea,
514 1141 549 1178 ne
563 1125 611 1192 sic,
624 1134 654 1179 ut
667 1126 713 1195 qui
724 1125 869 1200 jocularia,
882 1125 977 1178 ridens

345 1209 525 1262 Percurram:
547 1207 730 1279 (quamquam
742 1208 881 1262 ridentem
893 1207 986 1261 dicere
998 1224 1095 1261 verum

345 1291 420 1360 Quid
432 1291 526 1344 vetat?
544 1300 575 1344 ut
587 1291 680 1360 pueris
693 1291 759 1344 olim
772 1290 840 1344 dant
854 1291 977 1344 crustula
988 1290 1085 1344 blandi

346 1375 491 1440 Doctores,
505 1374 643 1427 elementa
654 1373 741 1427 velint
754 1382 784 1427 ut
797 1373 904 1427 discere
910 1373 1018 1450 prima)

344 1456 401 1510 Sed
413 1466 508 1510 tamen
522 1466 617 1510 amoto
630 1472 818 1549 quaeramus
810 1456 883 1509 seria
895 1455 969 1509 ludo.

345 1538 395 1593 Ille
407 1556 521 1608 gravem
534 1539 604 1593 duro
617 1548 719 1592 terram
733 1539 780 1609 qui
792 1532 875 1592 vertit
887 1547 988 1605 aratro,

344 1623 469 1676 Perfidus
481 1622 528 1675 hic
542 1638 640 1716 caupo,
648 1622 742 1689 miles,
755 1631 913 1702 nautaeque
925 1638 975 1691 per
988 1637 1071 1674 omne

343 1705 474 1758 Audaces
487 1721 564 1758 mare
577 1705 625 1775 qui
638 1714 760 1771 currunt,
773 1704 827 1776 hac
840 1712 934 1757 mente
947 1704 1073 1767 laborem

344 1788 412 1841 Sese
424 1781 515 1854 serre,
516 1803 597 1840 senes
610 1796 640 1840 ut
653 1787 682 1839 in
695 1787 753 1840 otia
765 1795 826 1858 tuta
838 1770 979 1853 recedant,

344 1871 440 1937 Aiunt,
453 1887 518 1923 cum
531 1869 586 1923 sibi
599 1869 655 1923 sint
668 1878 802 1938 congesta
814 1868 936 1923 cibaria·
958 1870 1029 1935 sicut

344 1953 465 2020 Parvula
477 1952 555 2021 (narn
568 1953 695 2022 exemplo
708 1952 761 2021 est)
774 1969 870 2021 magni
864 1942 1001 2006 formica
1013 1952 1117 2006 laboris

343 2037 400 2089 Ore
412 2035 497 2088 trahit
510 2035 696 2105 quodcunque
708 2044 810 2104 potest,
824 2044 908 2106 atque
921 2035 1001 2089 addit
1013 2051 1115 2089 acervo

344 2119 435 2188 Quem
448 2113 537 2190 str'uit,
549 2117 645 2171 haud
638 2135 736 2186 ignara
748 2134 781 2172 ac
793 2134 852 2171 non
864 2118 978 2172 incauta
989 2117 1083 2172 futuri.

344 2202 431 2271 Quae,
445 2200 547 2254 simul'
540 2218 681 2255 inversum
693 2202 841 2256 contristat
853 2188 993 2278 Aquarius
1006 2219 1120 2271 annum,

344 2286 411 2338 Non
424 2301 543 2354 usquam
551 2272 687 2379 prorepit,
701 2294 728 2340 et
741 2285 794 2339 illis
808 2287 894 2339 utitur
905 2294 971 2358 ante

343 2367 484 2438 Quaesitis
497 2368 626 2438 sapiens3
646 2384 711 2422 cum
722 2378 751 2422 te
763 2385 853 2440 neque
865 2350 987 2423 fervidus
1000 2377 1094 2422 aestus

343 2453 499 2505 Demoveat
512 2452 597 2531 lucro,
609 2468 700 2523 neque
712 2451 833 2519 hiems,'
826 2452 907 2521 ignis,
920 2468 1005 2519 mare,
1011 2451 1128 2528 ferrum,

342 2534 392 2587 Nil
405 2519 497 2587 obstet
508 2533 570 2601 tibi,
583 2535 650 2588 dum
662 2551 698 2597 ne
711 2535 747 2588 sit
760 2544 789 2588 te
802 2535 886 2589 ditior
899 2529 994 2604 alten‘

343 2616 438 2686 Quid
427 2627 506 2686 Juvat
519 2617 689 2678 immensum
701 2627 729 2672 te
742 2617 849 2686 argenti
862 2617 972 2687 pondus
985 2625 1015 2670 et
1027 2616 1087 2670 auri

342 2700 450 2753 Furtim
463 2700 575 2754 defossa
587 2701 718 2754 timidum
731 2701 871 2770 deponere
884 2691 977 2754 terra?

342 2780 434 2876 Quod,
447 2783 471 2835 si
484 2763 763 2850 comminuas,·vilem
776 2783 918 2850 redigatur
931 2782 968 2835 ad
981 2798 1081 2836 assem.

340 2867 378 2918 At
390 2883 419 2918 ιιι
412 2865 461 2919 id
475 2866 513 2933 fit,
527 2866 594 2935 quid
606 2866 692 2919 habet
704 2865 813 2941 pulchri
826 2874 1001 2919 constructus
1015 2867 1150 2919 acervus?

343 2948 434 3001 Millia
446 2936 577 3002 frumenti
587 2958 636 3002 tua
648 2944 755 3001 triverit
767 2965 833 3001 area
845 2957 966 3014 centum,

342 3032 409 3084 Non
421 3040 485 3085 tuus
497 3032 551 3085 hoc
565 3033 657 3100 capiet
668 3041 764 3085 venter
776 3032 838 3100 plus
851 3047 884 3084 ac
896 3047 993 3084 meus
1013 3040 1044 3085 ut
1057 3030 1080 3084 si

341 3117 500 3172 Reticulum
513 3118 594 3187 panis
606 3119 719 3172 venales
732 3119 805 3171 inter
817 3128 918 3172 onusto

342 3201 426 3254 Forte
438 3202 524 3255 vehas
536 3202 662 3268 humero,
675 3200 763 3254 nihilo
775 3202 838 3270 plus
851 3200 972 3270 accipias
985 3217 1071 3270 quarn

342 3283 397 3353 Qui
409 3283 449 3337 nil
461 3284 585 3352 portarit.
622 3285 675 3337 Vel
687 3283 741 3351 dic,
754 3284 822 3354 quid
834 3283 935 3337 referat
948 3284 1020 3336 intra

341 3368 467 3420 Naturae
480 3367 549 3420 fines
562 3367 675 3434 viventi,
685 3367 785 3436 jugera
797 3376 917 3433 centum,
931 3383 967 3418 an

342 3449 421 3503 Mille
434 3450 513 3503 aret?
549 3451 587 3502 At
600 3466 685 3502 suave
698 3437 740 3502 est
753 3466 786 3502 ex
799 3466 902 3517 magno
915 3449 1011 3502 tollere
1025 3464 1131 3502 acervo.

342 3535 419 3587 Dum
431 3549 465 3588 ex
477 3549 564 3602 parvo
576 3531 658 3584 nobis
671 3532 838 3585 tantundem
850 3531 961 3585 haurire
973 3531 1123 3601 relinquas,
1149 3565 1172 3602 52
