2804 4176
330 438 389 494 218
584 449 716 494 nomn
740 449 920 496 snrrnnnuu

330 581 397 633 Non
409 580 465 633 alia
478 596 563 650 quam
576 596 632 651 qua
644 581 780 649 Byzantia
791 582 882 652 putuit
895 597 967 636 orca

329 663 393 717 Hoc
406 663 454 717 ubi
467 662 613 718 confusum
627 665 711 718 sectis
724 664 856 719 inferbuit
868 665 970 733 herbis,

328 746 501 816 Corycioque
515 763 596 801 croco
610 763 739 816 sparsum
752 749 847 813 stetit;
866 749 980 818 insuper
992 749 1079 803 addes

328 831 429 883 Pressa
440 830 617 884 Venafranae
631 832 706 901 quod
718 833 808 886 bacca
820 833 927 887 remisit
940 833 1038 888 olivae.

328 913 438 967 Picenis
451 913 554 968 cedunt
566 915 657 984 pomis
670 915 799 969 Tiburtia
811 933 879 970 suco
892 935 900 981 3

328 997 405 1048 Nam
417 995 487 1050 facie
500 1005 651 1066 praestant.
689 998 835 1052 Venucula
847 999 977 1054 convenit
990 999 1052 1053 ollis
1064 1018 1070 1063 ;

328 1079 443 1132 Rectius
454 1080 595 1134 Albanam
608 1079 684 1134 sumo
697 1080 840 1134 duraveris
852 1099 943 1136 uvam.

328 1163 412 1216 Hanc
425 1179 477 1231 ego
490 1179 554 1216 cum
566 1163 657 1230 malis
670 1180 723 1233 ego
735 1163 842 1218 faecem
854 1165 960 1235 primus
973 1174 1001 1218 et
1014 1164 1091 1231 allec,

328 1244 437 1298 Primus
450 1254 477 1298 et
490 1245 616 1299 invenior
628 1245 708 1315 piper
720 1247 824 1315 album,
838 1264 902 1301 cum
916 1249 973 1302 sale
985 1247 1066 1317 nigro

328 1328 478 1396 Incretum,
490 1329 567 1398 puris
581 1329 813 1400 circumposuisse
827 1331 933 1385 catillis.

328 1411 455 1465 Immane
468 1421 510 1465 est
523 1411 631 1480 vitium,
644 1413 711 1467 dare
723 1414 812 1466 millia
824 1423 904 1467 terna
916 1415 1042 1481 macello,

326 1494 510 1564 Angustoque
522 1512 609 1564 vagos
623 1495 714 1564 pisces
728 1513 825 1564 urgere
838 1497 939 1550 catino

328 1579 436 1647 Magna
448 1587 541 1631 movet
555 1578 701 1632 stomacho
714 1577 836 1646 fastidia,
851 1596 900 1633 seu
912 1579 1084 1649 puerunctis

327 1660 472 1714 Tractavit
484 1660 601 1714 calicem
614 1661 753 1728 manibus,
766 1661 834 1714 dum
847 1660 921 1715 lurta
933 1662 1040 1730 ligurrit
1052 1681 1059 1726 ;

328 1743 392 1796 Sive
405 1744 497 1813 gravis
511 1743 597 1797 veteri
611 1751 735 1797 craterae
747 1744 831 1797 limus
844 1745 979 1798 adhaesit.

326 1825 436 1879 Vilibus
449 1826 478 1878 in
491 1825 593 1894 scopiS,
607 1825 636 1877 in
649 1824 768 1894 mappis,
781 1825 811 1878 in
825 1827 917 1894 scobe,
930 1836 1051 1897 quantus

327 1908 463 1961 Consistit
475 1908 624 1977 sumptus?
644 1909 787 1977 neglectis,
800 1909 937 1978 flagitium
950 1911 1055 1979 ingens.

326 1991 395 2042 Ten'
407 1990 515 2058 lapides
528 1990 621 2044 varios
634 1991 773 2044 lutulenta
785 1992 882 2046 radere
895 1993 998 2062 palma,

326 2074 364 2126 Et
377 2073 477 2142 Tyrias
490 2073 557 2128 dare
570 2073 675 2128 circum
688 2074 776 2128 inlota
788 2075 888 2128 toralia
899 2085 1001 2144 vestes,

328 2157 464 2224 Oblitum‚
478 2167 583 2227 quanto
596 2174 693 2211 curam
707 2167 905 2228 sumptumque
917 2159 1054 2212 minorem

327 2241 407 2295 Haec
420 2241 551 2308 habeant,
566 2251 645 2295 tanto
658 2241 824 2310 reprehendi
834 2240 936 2310 justius
949 2242 1012 2309 illis,

327 2325 407 2393 Quae
419 2323 473 2377 nisi
486 2324 619 2379 divitibus
632 2334 773 2395 nequeant
786 2324 948 2393 contingere
961 2324 1086 2379 mensis?

327 2409 419 2460 Docte
433 2407 505 2474 Cati,
518 2424 569 2477 per
582 2408 735 2461 amicitiam
748 2408 884 2478 divosque
896 2417 1018 2476 rogatuS,

327 2493 437 2544 Ducere
449 2507 495 2544 me
509 2490 644 2557 auditum,
658 2507 757 2560 perges
770 2507 946 2561 quocunque,
959 2501 1108 2546 memento.

326 2575 403 2626 Nam
416 2573 544 2643 quamvis
557 2573 674 2627 memori
687 2573 790 2627 reseras
804 2573 873 2626 mihi
886 2583 999 2643 pectore
1012 2585 1122 2641 cuncta,

326 2657 393 2709 Non
406 2665 501 2710 tamen
513 2656 650 2724 interpres
663 2656 830 2710 tantundem
839 2656 953 2725 juveris.
991 2657 1074 2712 Adde

324 2739 440 2792 Voltum
452 2738 635 2807 habitumque
647 2739 768 2792 hominis
782 2758 789 2803 ;
809 2756 893 2808 quem
906 2748 936 2793 tu
948 2739 1051 2794 vidisse
1063 2741 1171 2808 beatus,

326 2824 393 2877 Non
406 2821 501 2891 magni
514 2822 623 2891 pendiS,
637 2822 703 2891 quia
716 2823 833 2893 contigit
844 2843 851 2887 ;
870 2833 899 2878 at
911 2823 981 2877 mihi
994 2841 1061 2877 cura

325 2907 352 2957 N
356 2921 393 2958 on
406 2903 556 2958 mediocris
569 2903 649 2971 inest,
663 2903 755 2958 fontes
768 2914 798 2958 ut
812 2904 889 2959 adire
902 2916 1033 2973 remotos,

237 3048 239 3052 ¹
323 2989 417 3057 Atque
429 2986 540 3041 haurire
553 3003 655 3057 queam
667 2986 741 3041 vitae
754 2998 905 3057 praecepta
916 2990 1023 3043 beatae.
1155 3023 1180 3058 95

633 3196 800 3250 SATIRA
829 3199 865 3250 V.

326 3330 396 3384 Hoc
410 3345 530 3400 quoquc,
544 3330 662 3398 Tiresia,
675 3341 784 3400 praeter
795 3341 909 3386 narrata
921 3333 1027 3402 petenti

325 3412 494 3481 Responde:
515 3413 617 3483 quibus
629 3414 748 3467 amissas
760 3431 890 3484 reparare
903 3432 1005 3485 queam
1018 3433 1061 3470 res

324 3494 439 3548 Artibus
452 3503 537 3564 atque
549 3489 648 3548 modis.
688 3495 762 3564 Quid
775 3496 870 3551 rides?
906 3499 1007 3565 Jamne
1019 3498 1117 3553 doloso
1169 3529 1181 3568 3
