2804 4176
326 435 388 492 188
579 449 711 492 Honnrn
734 449 916 494 sarrnnnon

322 577 405 648 Quod
417 593 475 632 non
487 577 623 646 ingenuos
635 577 739 632 habeat
752 579 897 649 clarosque
909 588 1048 650 parenteS,
1082 637 1086 644 x

320 660 368 714 Sic
380 676 426 714 me
437 659 596 714 defendam.
635 662 731 730 Longe
742 677 807 714 mea
819 660 959 731 discrepat
971 661 1032 716 istis

320 743 358 795 Et
371 758 424 795 vox
437 751 464 796 et
476 741 564 797 ratio:
584 759 651 796 nam
664 743 688 797 si
701 752 801 798 natura
810 743 920 813 juberet

319 824 346 878 A
357 825 439 879 certis
452 825 534 880 annis
547 843 647 880 aevum
659 843 783 881 remeare
795 835 947 896 peractum,

318 909 411 978 Atque
425 907 495 963 alios
507 909 598 978 legere
610 908 647 963 ad
660 908 763 963 fastum
776 926 957 980 quoscunque
969 919 1116 980 parentes:

319 991 437 1060 Optaret
449 990 503 1045 sibi
516 991 650 1062 quisque:
671 992 741 1046 meis
754 1000 909 1061 contentus,
922 993 1056 1048 honestos

319 1073 455 1128 Fascibus
468 1082 496 1128 et
508 1073 583 1128 sellis
595 1075 699 1128 nollem
711 1074 780 1129 mihi
793 1092 902 1130 sumere
913 1095 920 1142 ;
939 1076 1056 1131 demens

316 1155 426 1225 Judicio
439 1157 523 1226 volgi,
536 1174 622 1212 sanus
635 1157 754 1212 sortasse
766 1166 822 1226 tuo,
836 1159 912 1228 quod

320 1240 432 1293 Nollem
445 1256 515 1294 onus
529 1240 616 1310 (haud
629 1258 753 1311 unquam
766 1241 875 1311 solitus)
889 1251 1000 1312 portare
1012 1244 1169 1298 molestum.

319 1324 396 1376 Nam
407 1322 478 1376 mihi
490 1324 624 1378 continuo
636 1325 727 1394 major
740 1324 900 1394 quaerenda
912 1325 983 1381 soret
995 1343 1048 1394 res,

316 1405 409 1475 Atque
422 1406 562 1460 salutandi
575 1409 668 1477 plures
680 1427 687 1472 ;
706 1408 851 1462 ducendus
864 1417 892 1463 et
905 1426 977 1464 unus

317 1489 355 1543 Et
368 1505 462 1544 comes
476 1491 553 1558 alter,
567 1491 607 1544 uti
620 1507 656 1544 ne
668 1491 744 1546 solus
756 1508 838 1546 rusve
850 1509 1000 1562 peregreve

318 1571 430 1626 Exirem
443 1591 448 1626 :
470 1573 563 1642 plures
576 1575 688 1628 calones
701 1582 785 1644 atque
797 1575 899 1629 caballi

319 1655 475 1720 Pascendi3
494 1655 623 1710 ducenda
635 1657 777 1726 petorrita.
817 1659 901 1712 Nunc
913 1657 983 1712 mihi
996 1668 1074 1713 curto

318 1737 363 1790 Ire
374 1737 439 1791 licet
451 1739 536 1805 mulo,
548 1739 601 1806 vel,
614 1738 637 1792 si
650 1739 726 1806 libet,
739 1756 827 1809 usque
838 1741 1001 1809 Tarentum,

319 1818 446 1871 Mantica
458 1818 502 1871 cui
515 1819 625 1873 lumbos
638 1836 721 1874 onere
732 1821 844 1889 ulceret,
857 1830 941 1891 atque
953 1838 1038 1892 eques
1051 1837 1151 1875 armos.

319 1899 441 1968 Objiciet
454 1916 537 1953 nemo
550 1900 646 1954 sordes
659 1900 737 1968 mihi,
750 1919 820 1972 quas
833 1902 893 1971 tibi,
906 1903 981 1972 Tilli,

320 1983 391 2036 Cum
404 1982 521 2036 Tiburte
532 1983 578 2036 via
590 1993 746 2053 praetorem
759 1984 882 2055 quinque
895 1995 1047 2057 sequuntur

317 2065 360 2118 Te
372 2065 458 2134 pueri,
471 2065 599 2119 lasanum
611 2075 754 2136 portantes
768 2068 1022 2140 oenophorumque.

318 2147 383 2200 Hoc
395 2163 448 2216 ego
460 2148 636 2202 commodius
649 2166 734 2219 quam
746 2159 785 2217 tu,
798 2152 942 2219 praeclare
955 2162 1074 2219 senator,

317 2229 444 2284 Millibus
457 2239 541 2301 atque
553 2230 624 2299 aliis,
636 2231 707 2286 vivo.
747 2233 919 2303 Quacunque
931 2233 1022 2288 libido
1035 2243 1085 2301 est,

318 2311 422 2366 Incedo
435 2313 510 2366 solus
521 2332 529 2378 ;
547 2323 695 2382 percontor
707 2315 805 2385 quanti
818 2316 879 2369 olus
891 2332 925 2369 ac
937 2315 980 2370 sar
991 2336 998 2383 ;

317 2395 341 2448 F
342 2395 460 2449 allacem
473 2395 593 2464 Circum,
606 2397 852 2469 vespertinumque
864 2414 976 2467 pererro

317 2478 408 2547 Saepe
421 2478 525 2532 Forum
536 2497 543 2544 ;
562 2477 669 2533 adsisto
682 2479 784 2534 divinis
797 2499 804 2545 ;
822 2479 888 2534 inde
901 2479 1017 2535 domum
1029 2498 1074 2535 me

314 2559 361 2614 Ad
373 2561 448 2630 porri
460 2569 487 2614 et
500 2561 598 2615 ciceris
610 2560 698 2616 resero
711 2561 860 2632 laganique
873 2563 1014 2618 catinum:

316 2642 412 2696 Coena
423 2643 597 2698 ministratur
609 2643 702 2713 pueris
714 2644 803 2699 tribus
814 2664 821 2710 ;
840 2654 868 2699 et
879 2645 951 2714 lapis
964 2647 1045 2700 albus
1114 2698 1118 2708 ,

316 2725 420 2780 Pocula
432 2743 497 2780 cum
509 2725 611 2795 cyatho
624 2725 680 2781 duo
693 2727 811 2780 sustinet
822 2745 829 2792 ;
848 2727 943 2781 adstat
955 2728 1070 2783 echinus

314 2807 385 2862 Vilis
398 2825 462 2863 cum
474 2817 572 2878 patera
584 2817 687 2879 guttus,
702 2809 849 2879 Campana
861 2810 991 2879 supellex.

315 2890 426 2945 Deinde
438 2907 472 2945 eo
484 2890 644 2959 dormitum,
656 2908 713 2945 non
726 2891 869 2959 sollicitus,
882 2890 952 2945 mihi
964 2893 1040 2962 quod
1053 2909 1114 2948 cras

315 2972 492 3043 Surgendum
505 2973 541 3028 sit
553 2989 655 3039 mane3
673 2973 820 3028 obeundus
834 2974 958 3043 Marsya,
971 2975 1019 3045 qui
1032 2993 1062 3030 se

314 3056 429 3110 Voltum
441 3056 511 3110 ferre
523 3066 608 3126 negat
622 3056 778 3112 Noviorum
790 3073 873 3126 posse
885 3057 1008 3112 minoris.

313 3138 360 3192 Ad
372 3148 500 3208 quartam
510 3139 591 3208 jaceo
603 3158 611 3206 ;
629 3148 694 3209 post
706 3139 780 3194 hanc
792 3157 897 3210 vagor;
916 3149 964 3194 aut
977 3157 1038 3210 ego,
1050 3141 1122 3196 lecto

314 3223 372 3275 Aut
384 3221 487 3291 scripto
500 3222 577 3292 quod
588 3239 634 3276 me
646 3221 763 3277 tacitum
772 3223 859 3292 juvet,
872 3239 961 3293 ungor
973 3224 1056 3292 olivo,

316 3305 344 3358 N
346 3320 384 3358 on
396 3321 451 3374 quo
463 3303 599 3359 fraudatis
611 3305 773 3359 immundus
787 3307 877 3359 Natta
888 3305 1015 3361 lucernis.

314 3388 367 3442 Ast
379 3385 427 3441 ubi
439 3403 485 3440 me
497 3385 602 3441 fessum
615 3387 657 3441 sol
670 3387 760 3442 acrior
772 3387 811 3442 ire
823 3387 948 3442 lavatum

315 3467 477 3536 Admonuit,
490 3468 566 3539 fugio
580 3470 719 3539 Campum
731 3470 877 3540 lusumque
889 3469 1035 3540 trigonem.
1131 3486 1166 3524 ηε
