2748 4138
324 437 384 507 284
682 452 812 494 Hoxxru

321 581 440 649 Scimus,
449 591 476 636 et
483 581 558 636 hanc
565 581 677 636 veniam
685 584 860 654 petimusque
869 584 1023 654 damusque
1031 582 1156 640 vicissim
1165 604 1171 638 :

322 665 378 718 Sed
389 681 447 719 non
460 673 490 719 ut
502 664 621 734 placidis
633 672 735 720 coeant
748 665 867 720 immitia
878 687 885 732 3
904 685 961 722 non
974 677 1003 722 ut

322 749 470 817 Serpentes
483 749 581 803 avibus
594 750 778 819 geminentur,
791 751 908 819 tigribus
922 752 993 820 agni.

323 833 446 902 Inceptis
458 833 589 902 gravibus
602 833 764 902 plerumque
777 843 804 886 et
817 851 922 903 magna
934 833 1066 903 professis

323 917 487 985 Purpureus,
499 916 556 969 late
568 916 616 985 qui
629 916 783 985 splendeat,
796 933 866 970 unus
880 925 907 970 et
920 917 990 970 alter

321 998 457 1052 Adsuitur
471 1015 581 1068 pannus
593 1017 600 1064 3
620 1015 683 1052 cum
696 999 774 1053 lucus
788 1008 816 1052 et
829 1016 879 1052 ara
892 999 1010 1053 Dianae.

323 1083 360 1135 Et
373 1082 547 1151 properantis
560 1099 649 1152 aquae
662 1099 711 1152 per
723 1099 857 1136 amoenos
871 1083 993 1137 ambitus
1006 1100 1096 1152 agros,

321 1164 379 1218 Aut
391 1164 494 1218 flumen
508 1164 647 1232 Rhenum,
661 1174 708 1218 aut
721 1165 829 1234 pluvius
843 1165 1009 1219 describitur
1021 1182 1119 1220 arcus:

322 1246 379 1300 Sed
391 1263 465 1300 nunc
477 1264 534 1300 non
547 1255 606 1300 erat
618 1247 662 1300 his
674 1247 760 1301 locus.
801 1249 839 1301 Et
851 1247 970 1301 sortasse
982 1264 1146 1317 cupressum

323 1329 385 1383 Scis
399 1329 528 1383 simulare
542 1349 549 1395 3
568 1331 711 1400 quidhoc,
725 1331 748 1384 si
761 1330 856 1384 fractis
869 1339 966 1384 enatat
978 1347 1076 1400 exspes

325 1411 460 1478 Navibus,
473 1429 536 1466 aere
548 1412 615 1467 dato
628 1413 675 1482 qui
688 1413 832 1482 pingitur?
852 1413 997 1482 Amphora
1010 1412 1101 1483 coepit

325 1494 435 1549 Institui
448 1514 454 1560 ;
473 1504 599 1549 currente
611 1504 673 1549 rota
685 1513 734 1550 cur
746 1513 844 1550 urceus
858 1495 932 1549 exit?

324 1577 453 1646 Denique
466 1577 502 1631 sit
514 1576 634 1647 quidvis,
647 1577 765 1646 simplex
777 1578 924 1632 dumtaxat
937 1587 965 1632 et
977 1594 1071 1632 unum,

325 1659 451 1712 Maxima
462 1676 527 1728 pars
540 1669 643 1727 vatum,
656 1668 735 1728 pater
748 1670 775 1713 et
785 1660 902 1729 juvenes
915 1668 993 1729 patre
1005 1659 1092 1728 digni,

325 1742 488 1811 Decipimur
500 1743 594 1811 specie
606 1743 690 1796 recti:
710 1743 803 1797 brevis
816 1760 877 1797 esse
890 1744 996 1811 laboro,

325 1825 467 1878 Obscurus
480 1824 517 1878 fio
528 1843 536 1888 ;
555 1834 710 1878 sectantem
722 1826 795 1879 levia
807 1826 885 1879 nervi

326 1907 467 1960 Deficiunt
480 1907 638 1977 animique;
657 1908 798 1976 professus
811 1908 937 1978 grandia,
951 1917 1060 1978 turget3

326 1990 418 2059 Serpit
429 1988 508 2043 humi
521 1998 596 2043 tutus
609 1989 726 2045 nimium
739 1991 910 2061 timidusque
922 1991 1068 2060 procellae.

327 2073 381 2142 Qui
394 2072 501 2126 variare
514 2073 589 2141 cupit
601 2089 660 2126 rem
672 2073 862 2143 prodigialiter
874 2091 969 2141 unam,

326 2156 498 2225 Delphinum
511 2155 587 2210 silvis
601 2156 735 2226 appingit,
748 2157 877 2211 fluctibus
891 2174 996 2226 aprum.

327 2242 361 2293 ln
373 2240 472 2294 vitium
484 2239 560 2293 ducit
573 2240 671 2310 culpae
683 2240 757 2309 fuga,
771 2239 794 2293 si
807 2250 883 2294 caret
896 2248 963 2293 arte.

325 2322 475 2376 Aemilium
487 2323 562 2376 circa
573 2323 670 2377 ludum
682 2323 760 2376 faber
772 2339 843 2377 unus
857 2331 884 2376 et
898 2339 1004 2390 ungues

327 2404 479 2474 Exprimet,
492 2415 521 2458 et
532 2406 631 2459 molles
644 2403 798 2460 imitabitur
810 2421 873 2458 aere
886 2405 1002 2474 capillos
1015 2423 1022 2469 ;

328 2487 425 2540 Infelix
438 2488 529 2557 operis
542 2506 660 2556 summa,
674 2489 740 2558 quia
752 2505 855 2557 ponere
868 2496 958 2541 totum

329 2570 450 2624 Nesciet.
490 2573 575 2625 Hunc
588 2588 641 2640 ego
654 2588 707 2638 me,
721 2571 745 2625 si
758 2570 826 2640 quid
839 2586 1006 2639 componere
1019 2585 1121 2635 curem,

329 2655 395 2706 Non
408 2653 498 2722 magis
511 2670 572 2708 esse
584 2654 676 2721 velim,
690 2671 775 2724 quam
788 2670 857 2707 naso
870 2653 962 2707 vivere
974 2669 1068 2722 pravo,

328 2736 519 2806 Spectandum
531 2737 618 2806 nigris
631 2737 718 2791 oeulis
732 2737 868 2808 nigroque
880 2737 989 2806 capillo.

328 2820 436 2873 Sumite
448 2819 595 2872 materiam
607 2820 715 2887 vestris,
729 2820 777 2888 qui
791 2819 920 2886 scribitis,
934 2835 1053 2888 aequam

326 2903 439 2956 Viribus
451 2921 458 2967 ;
476 2911 503 2955 et
516 2911 625 2956 versate
638 2903 695 2970 diu,
709 2902 776 2972 quid
789 2901 859 2956 ferre
872 2911 1008 2968 recusent,

329 2985 404 3054 Quid
415 2986 527 3038 valeant
539 2985 655 3039 humeri.
694 2985 745 3040 Cui
759 2986 832 3038 lecta
844 2993 973 3054 potenter
984 2984 1036 3038 erit
1049 3001 1101 3050 res,

330 3070 390 3122 Nec
403 3068 534 3122 facundia
545 3068 654 3122 deseret
666 3068 749 3135 hunc,
762 3084 814 3121 nec
826 3067 935 3121 lucidus
949 3066 1025 3120 ordo.

329 3151 442 3204 Ordinis
454 3151 524 3205 haec
536 3151 624 3205 virtus
637 3151 688 3204 erit
701 3159 729 3204 et
740 3167 836 3218 venus,
849 3158 897 3204 aut
910 3166 962 3219 ego
975 3149 1062 3217 fallor,

330 3235 371 3288 Ut
380 3235 440 3304 jam
452 3253 525 3289 nunc
539 3236 614 3288 dicat
624 3235 684 3303 jam
697 3251 771 3289 nunc
784 3233 916 3288 debentia
928 3233 992 3300 dici,

329 3317 464 3386 Pleraque
476 3317 593 3384 differat,
606 3327 634 3371 et
646 3333 778 3386 praesens
791 3317 820 3370 in
833 3325 943 3384 tempus
957 3314 1075 3369 omittat.

330 3401 393 3452 Hoc
408 3407 490 3465 amet,
502 3399 556 3452 hoc
569 3407 682 3468 spernat
694 3397 824 3468 promissi
837 3397 970 3452 carminis
984 3405 1087 3451 auctor.

332 3484 366 3535 In
377 3480 469 3534 verbis
482 3481 566 3534 etiam
578 3481 670 3535 tenuis
682 3491 835 3550 cautusque
849 3480 980 3547 serendis,
1128 3502 1154 3549 46
