2766 4162
584 405 716 447 HORATII
740 405 913 448 CARMlNUM

617 647 809 701 CARMEN
840 647 892 701 IV.

627 779 670 820 nn
689 779 715 819 L.
731 778 873 821 snsmun.

345 888 506 942 SoLVtTtJR
518 886 590 940 acris
603 887 694 941 hiems
707 897 788 957 grata
800 889 862 942 vice
874 887 947 942 veris
960 896 987 942 et
1001 887 1116 948 Favoni,

396 971 581 1042 Tralruntque
594 971 684 1025 siccas
697 972 846 1026 machinae
859 973 976 1026 carinas.

343 1056 385 1108 Ac
398 1071 488 1124 neque
498 1055 559 1124 jam
573 1055 692 1108 stabulis
706 1055 811 1124 gaudet
824 1073 909 1125 pecus
923 1066 971 1110 aut
983 1064 1076 1110 arator
1088 1055 1145 1125 igni
1157 1074 1164 1120 ;

400 1139 462 1192 Nec
474 1145 556 1207 prata
568 1137 646 1192 canis
660 1138 785 1192 albicant
798 1138 913 1208 pruinis.

344 1296 407 1364 Jam
422 1294 562 1364 Cytherea
573 1295 674 1349 choros
688 1294 765 1349 ducit
778 1295 873 1349 Venus
887 1295 1050 1350 imminente
1066 1297 1153 1361 Luna,
1191 1301 1193 1306 '

395 1380 569 1448 Junctaeque
584 1379 725 1447 Nymphis
741 1378 855 1432 Gratiae
868 1379 999 1433 decentes

344 1462 459 1515 Alterno
472 1469 576 1514 terram
589 1462 720 1531 quatiunt
731 1461 813 1531 pede,
827 1461 895 1515 dum
908 1479 1008 1532 graves
1023 1462 1177 1531 Cyclopum

396 1545 538 1598 Volcanus
553 1545 654 1598 ardens
668 1545 722 1598 urit
735 1545 869 1599 officinas

347 1704 432 1756 Nunc
445 1701 525 1755 decet
538 1710 587 1754 aut
599 1701 682 1756 viridi
695 1702 817 1756 nitidum
830 1711 914 1773 caput
928 1702 1063 1773 impedire
1076 1712 1176 1772 myrto,

396 1787 454 1839 Aut
467 1785 543 1852 flore,
557 1795 646 1839 terrae
659 1803 743 1856 quem
756 1785 847 1840 ferunt
861 1787 975 1841 solutae.

345 1872 429 1924 Nunc
442 1880 470 1923 et
482 1868 511 1922 in
524 1869 663 1922 umbrosis
677 1871 776 1924 Fauno
789 1869 870 1923 decet
883 1870 1029 1924 immolare
1041 1870 1119 1936 lucis,

400 1954 455 2006 Seu
468 1961 567 2021 poscat
579 1969 654 2021 agna
666 1953 725 2006 sive
737 1952 817 2006 malit
830 1953 928 2006 haedo.

346 2109 455 2163 Pallida
467 2109 546 2162 Mors
560 2126 650 2179 aequo
662 2110 756 2179 pulsat
768 2109 841 2178 pede
853 2125 1009 2178 pauperum
1021 2110 1154 2164 tabernas

400 2194 568 2262 Regumque
581 2200 679 2246 turres.
720 2194 745 2247 0
758 2194 840 2247 beate
854 2192 936 2258 Sesti,

345 2276 426 2330 Vitae
440 2291 550 2329 summa
562 2275 656 2329 brevis
669 2293 749 2345 spem
762 2293 814 2330 nos
824 2284 901 2329 vetat
914 2275 1046 2330 inchoare
1058 2276 1179 2346 longam.

400 2359 464 2426 Jam
477 2366 504 2411 te
517 2367 625 2426 premet
638 2376 694 2412 nox
707 2359 874 2429 fabulaeque
887 2359 989 2412 Manes

347 2519 384 2570 Et
397 2515 497 2569 domus
510 2515 588 2569 exilis
604 2517 734 2570 Plutonia
745 2536 752 2582 ;
771 2534 826 2587 quo
840 2516 922 2570 simul
934 2514 1045 2583 means,

399 2600 460 2652 Nec
473 2615 560 2667 regna
572 2599 629 2652 vini
643 2600 758 2653 sortiere
771 2600 845 2666 talis

347 2685 407 2737 Nec
420 2691 546 2735 tenerum
561 2681 685 2749 Lycidan
698 2682 844 2748 mirabere,
857 2696 913 2750 quo
926 2679 998 2732 calet
1007 2680 1139 2749 juventus

399 2767 427 2818 N
430 2781 484 2818 unc
497 2763 588 2817 omnis
602 2772 629 2816 et
642 2780 707 2816 mox
720 2763 841 2833 virgines
854 2762 995 2831 tepebunt.

649 3510 703 3540 cont
716 3511 745 3540 OF
758 3510 861 3540 sExTws.
