<?xml version="1.0" encoding="UTF-8"?>
<!DOCTYPE html PUBLIC "-//W3C//DTD XHTML 1.0 Transitional//EN"
    "http://www.w3.org/TR/xhtml1/DTD/xhtml1-transitional.dtd">
<html xmlns="http://www.w3.org/1999/xhtml" xml:lang="en" lang="en">
 <head>
  <title>
</title>
<meta http-equiv="Content-Type" content="text/html;charset=utf-8" />
  <meta name='ocr-system' content='tesseract 3.04.00' />
  <meta name='ocr-capabilities' content='ocr_page ocr_carea ocr_par ocr_line ocrx_word'/>
</head>
<body>
  <div class='ocr_page' id='page_1' title='image "./quintihoratiifl00milmgoog_0270.png"; bbox 0 0 2804 4176; ppageno 0'>
   <div class='ocr_carea' id='block_1_1' title="bbox 438 456 1065 518">
    <p class='ocr_par' dir='ltr' id='par_1_1' title="bbox 438 456 1065 518">
     <span class='ocr_line' id='line_1_1' title="bbox 438 456 1065 518; baseline 0.003 -19"><span class='ocrx_word' id='word_1_1' title='bbox 438 456 531 502; x_wconf 84' lang='lat' dir='ltr'>LIBER</span> <span class='ocrx_word' id='word_1_2' title='bbox 554 460 572 500; x_wconf 91' lang='lat'>1.</span> <span class='ocrx_word' id='word_1_3' title='bbox 618 459 766 503; x_wconf 86' lang='lat' dir='ltr'>EPISTOLA</span> <span class='ocrx_word' id='word_1_4' title='bbox 788 460 853 502; x_wconf 86' lang='lat' dir='ltr'><strong>VIII.</strong></span> <span class='ocrx_word' id='word_1_5' title='bbox 1008 461 1065 518; x_wconf 83' lang='lat'>247</span> 
     </span>
    </p>
   </div>
   <div class='ocr_carea' id='block_1_2' title="bbox 420 723 865 914">
    <p class='ocr_par' dir='ltr' id='par_1_2' title="bbox 420 723 865 914">
     <span class='ocr_line' id='line_1_2' title="bbox 469 723 818 778; baseline 0.003 -1"><span class='ocrx_word' id='word_1_6' title='bbox 469 723 692 778; x_wconf 86' lang='lat' dir='ltr'>EPISTOLA</span> <span class='ocrx_word' id='word_1_7' title='bbox 722 723 818 778; x_wconf 89' lang='lat' dir='ltr'>v111.</span> 
     </span>
     <span class='ocr_line' id='line_1_3' title="bbox 420 870 865 914; baseline -0.004 -3"><span class='ocrx_word' id='word_1_8' title='bbox 420 871 463 912; x_wconf 72' lang='lat' dir='ltr'>An</span> <span class='ocrx_word' id='word_1_9' title='bbox 482 870 606 914; x_wconf 77' lang='lat' dir='ltr'>censoru</span> <span class='ocrx_word' id='word_1_10' title='bbox 624 870 865 914; x_wconf 69' lang='lat' dir='ltr'>Armuovnuurr.</span> 
     </span>
    </p>
   </div>
   <div class='ocr_carea' id='block_1_3' title="bbox 238 990 1119 2386">
    <p class='ocr_par' dir='ltr' id='par_1_3' title="bbox 240 990 978 1145">
     <span class='ocr_line' id='line_1_4' title="bbox 240 990 978 1061; baseline -0.003 -15"><span class='ocrx_word' id='word_1_11' title='bbox 240 995 339 1047; x_wconf 66' lang='lat' dir='ltr'>Caeso</span> <span class='ocrx_word' id='word_1_12' title='bbox 351 992 473 1061; x_wconf 88' lang='lat' dir='ltr'>gaudere</span> <span class='ocrx_word' id='word_1_13' title='bbox 486 1000 513 1046; x_wconf 93' lang='lat' dir='ltr'>et</span> <span class='ocrx_word' id='word_1_14' title='bbox 525 993 597 1046; x_wconf 87' lang='lat' dir='ltr'>bene</span> <span class='ocrx_word' id='word_1_15' title='bbox 609 1009 670 1046; x_wconf 87' lang='lat' dir='ltr'>rem</span> <span class='ocrx_word' id='word_1_16' title='bbox 682 1007 777 1060; x_wconf 86' lang='lat' dir='ltr'>gerere</span> <span class='ocrx_word' id='word_1_17' title='bbox 790 990 978 1059; x_wconf 88' lang='lat' dir='ltr'>Albinovano,</span> 
     </span>
     <span class='ocr_line' id='line_1_5' title="bbox 240 1073 957 1145; baseline -0.004 -17"><span class='ocrx_word' id='word_1_18' title='bbox 240 1075 325 1129; x_wconf 88' lang='lat' dir='ltr'>Musa</span> <span class='ocrx_word' id='word_1_19' title='bbox 335 1083 435 1144; x_wconf 88' lang='lat' dir='ltr'>rogata</span> <span class='ocrx_word' id='word_1_20' title='bbox 446 1074 525 1136; x_wconf 85' lang='lat' dir='ltr'>refer,</span> <span class='ocrx_word' id='word_1_21' title='bbox 540 1075 636 1128; x_wconf 88' lang='lat' dir='ltr'>comiti</span> <span class='ocrx_word' id='word_1_22' title='bbox 649 1075 814 1145; x_wconf 84' lang='lat' dir='ltr'><strong>scribaeque</strong></span> <span class='ocrx_word' id='word_1_23' title='bbox 829 1073 957 1127; x_wconf 92' lang='lat' dir='ltr'>Neronis.</span> 
     </span>
    </p>

    <p class='ocr_par' dir='ltr' id='par_1_4' title="bbox 238 1155 1119 1392">
     <span class='ocr_line' id='line_1_6' title="bbox 240 1155 1119 1228; baseline -0.003 -17"><span class='ocrx_word' id='word_1_24' title='bbox 240 1157 271 1212; x_wconf 92' lang='lat' dir='ltr'>Si</span> <span class='ocrx_word' id='word_1_25' title='bbox 283 1165 405 1227; x_wconf 87' lang='lat' dir='ltr'>quaeret,</span> <span class='ocrx_word' id='word_1_26' title='bbox 418 1157 485 1228; x_wconf 92' lang='lat' dir='ltr'>quid</span> <span class='ocrx_word' id='word_1_27' title='bbox 498 1174 600 1226; x_wconf 86' lang='lat' dir='ltr'>agam;</span> <span class='ocrx_word' id='word_1_28' title='bbox 619 1157 674 1224; x_wconf 94' lang='lat' dir='ltr'>dic,</span> <span class='ocrx_word' id='word_1_29' title='bbox 683 1157 774 1210; x_wconf 89' lang='lat' dir='ltr'>multa</span> <span class='ocrx_word' id='word_1_30' title='bbox 786 1165 814 1210; x_wconf 87' lang='lat' dir='ltr'>et</span> <span class='ocrx_word' id='word_1_31' title='bbox 828 1156 946 1225; x_wconf 90' lang='lat' dir='ltr'>pulchra</span> <span class='ocrx_word' id='word_1_32' title='bbox 956 1155 1119 1220; x_wconf 89' lang='lat' dir='ltr'>minantem,</span> 
     </span>
     <span class='ocr_line' id='line_1_7' title="bbox 238 1238 1015 1310; baseline -0.001 -17"><span class='ocrx_word' id='word_1_33' title='bbox 238 1239 340 1293; x_wconf 88' lang='lat' dir='ltr'>Vivere</span> <span class='ocrx_word' id='word_1_34' title='bbox 352 1256 404 1294; x_wconf 91' lang='lat' dir='ltr'>nec</span> <span class='ocrx_word' id='word_1_35' title='bbox 416 1248 500 1307; x_wconf 91' lang='lat' dir='ltr'>recte,</span> <span class='ocrx_word' id='word_1_36' title='bbox 512 1256 564 1293; x_wconf 92' lang='lat' dir='ltr'>nec</span> <span class='ocrx_word' id='word_1_37' title='bbox 578 1239 716 1294; x_wconf 89' lang='lat' dir='ltr'>suaviter:</span> <span class='ocrx_word' id='word_1_38' title='bbox 738 1239 815 1293; x_wconf 90' lang='lat' dir='ltr'>haud</span> <span class='ocrx_word' id='word_1_39' title='bbox 828 1239 894 1310; x_wconf 86' lang='lat' dir='ltr'>quia</span> <span class='ocrx_word' id='word_1_40' title='bbox 906 1238 1015 1308; x_wconf 85' lang='lat' dir='ltr'>grando</span> 
     </span>
     <span class='ocr_line' id='line_1_8' title="bbox 241 1321 968 1392; baseline -0.001 -16"><span class='ocrx_word' id='word_1_41' title='bbox 241 1322 406 1376; x_wconf 88' lang='lat' dir='ltr'>Contuderit</span> <span class='ocrx_word' id='word_1_42' title='bbox 418 1321 497 1389; x_wconf 74' lang='lat' dir='ltr'>viteS,</span> <span class='ocrx_word' id='word_1_43' title='bbox 510 1323 656 1392; x_wconf 83' lang='lat' dir='ltr'>oleamque</span> <span class='ocrx_word' id='word_1_44' title='bbox 669 1321 852 1376; x_wconf 85' lang='lat' dir='ltr'>momorderit</span> <span class='ocrx_word' id='word_1_45' title='bbox 865 1330 968 1390; x_wconf 88' lang='lat' dir='ltr'>aestus,</span> 
     </span>
    </p>

    <p class='ocr_par' dir='ltr' id='par_1_5' title="bbox 240 1404 1017 1720">
     <span class='ocr_line' id='line_1_9' title="bbox 242 1404 1014 1475; baseline 0 -17"><span class='ocrx_word' id='word_1_46' title='bbox 242 1406 302 1458; x_wconf 90' lang='lat' dir='ltr'>Nec</span> <span class='ocrx_word' id='word_1_47' title='bbox 315 1405 381 1475; x_wconf 91' lang='lat' dir='ltr'>quia</span> <span class='ocrx_word' id='word_1_48' title='bbox 393 1405 553 1475; x_wconf 88' lang='lat' dir='ltr'>longinquis</span> <span class='ocrx_word' id='word_1_49' title='bbox 567 1414 726 1458; x_wconf 84' lang='lat' dir='ltr'>armentum</span> <span class='ocrx_word' id='word_1_50' title='bbox 739 1413 866 1474; x_wconf 90' lang='lat' dir='ltr'>aegrotet</span> <span class='ocrx_word' id='word_1_51' title='bbox 879 1404 908 1458; x_wconf 90' lang='lat' dir='ltr'>in</span> <span class='ocrx_word' id='word_1_52' title='bbox 921 1404 996 1474; x_wconf 91' lang='lat' dir='ltr'>agris</span> <span class='ocrx_word' id='word_1_53' title='bbox 1007 1423 1014 1469; x_wconf 92' lang='lat'>;</span> 
     </span>
     <span class='ocr_line' id='line_1_10' title="bbox 240 1486 1017 1557; baseline 0 -16"><span class='ocrx_word' id='word_1_54' title='bbox 240 1486 298 1541; x_wconf 88' lang='lat' dir='ltr'>Sed</span> <span class='ocrx_word' id='word_1_55' title='bbox 310 1488 376 1557; x_wconf 90' lang='lat' dir='ltr'>quia</span> <span class='ocrx_word' id='word_1_56' title='bbox 387 1497 482 1542; x_wconf 90' lang='lat' dir='ltr'>mente</span> <span class='ocrx_word' id='word_1_57' title='bbox 494 1487 587 1542; x_wconf 89' lang='lat' dir='ltr'>minus</span> <span class='ocrx_word' id='word_1_58' title='bbox 600 1487 709 1541; x_wconf 87' lang='lat' dir='ltr'>validus</span> <span class='ocrx_word' id='word_1_59' title='bbox 723 1504 809 1557; x_wconf 92' lang='lat' dir='ltr'>quarn</span> <span class='ocrx_word' id='word_1_60' title='bbox 821 1504 936 1557; x_wconf 89' lang='lat' dir='ltr'>corpore</span> <span class='ocrx_word' id='word_1_61' title='bbox 948 1496 1017 1554; x_wconf 89' lang='lat' dir='ltr'>toto,</span> 
     </span>
     <span class='ocr_line' id='line_1_11' title="bbox 241 1570 1007 1640; baseline 0.001 -17"><span class='ocrx_word' id='word_1_62' title='bbox 241 1570 291 1623; x_wconf 97' lang='lat' dir='ltr'>Nil</span> <span class='ocrx_word' id='word_1_63' title='bbox 303 1571 399 1624; x_wconf 88' lang='lat' dir='ltr'>audire</span> <span class='ocrx_word' id='word_1_64' title='bbox 410 1571 503 1638; x_wconf 90' lang='lat' dir='ltr'>velim,</span> <span class='ocrx_word' id='word_1_65' title='bbox 515 1570 556 1623; x_wconf 89' lang='lat' dir='ltr'>nil</span> <span class='ocrx_word' id='word_1_66' title='bbox 568 1570 684 1637; x_wconf 86' lang='lat' dir='ltr'>discere,</span> <span class='ocrx_word' id='word_1_67' title='bbox 698 1570 775 1640; x_wconf 94' lang='lat' dir='ltr'>quod</span> <span class='ocrx_word' id='word_1_68' title='bbox 787 1571 860 1625; x_wconf 91' lang='lat' dir='ltr'>levet</span> <span class='ocrx_word' id='word_1_69' title='bbox 872 1587 987 1640; x_wconf 88' lang='lat' dir='ltr'>aegrum</span> <span class='ocrx_word' id='word_1_70' title='bbox 999 1590 1007 1635; x_wconf 92' lang='lat'>;</span> 
     </span>
     <span class='ocr_line' id='line_1_12' title="bbox 240 1653 847 1720; baseline 0 -14"><span class='ocrx_word' id='word_1_71' title='bbox 240 1653 318 1707; x_wconf 89' lang='lat' dir='ltr'>Fidis</span> <span class='ocrx_word' id='word_1_72' title='bbox 331 1653 456 1707; x_wconf 89' lang='lat' dir='ltr'>offendar</span> <span class='ocrx_word' id='word_1_73' title='bbox 467 1653 593 1720; x_wconf 90' lang='lat' dir='ltr'>medicis,</span> <span class='ocrx_word' id='word_1_74' title='bbox 607 1653 714 1707; x_wconf 90' lang='lat' dir='ltr'>irascar</span> <span class='ocrx_word' id='word_1_75' title='bbox 726 1653 825 1707; x_wconf 88' lang='lat' dir='ltr'>amicis</span> <span class='ocrx_word' id='word_1_76' title='bbox 840 1672 847 1719; x_wconf 92' lang='lat'>;</span> 
     </span>
    </p>

    <p class='ocr_par' dir='ltr' id='par_1_6' title="bbox 241 1736 891 1806">
     <span class='ocr_line' id='line_1_13' title="bbox 241 1736 891 1806; baseline -0.005 -14"><span class='ocrx_word' id='word_1_77' title='bbox 241 1739 297 1792; x_wconf 90' lang='lat' dir='ltr'>Cur</span> <span class='ocrx_word' id='word_1_78' title='bbox 308 1753 354 1791; x_wconf 90' lang='lat' dir='ltr'>me</span> <span class='ocrx_word' id='word_1_79' title='bbox 366 1736 476 1791; x_wconf 83' lang='lat' dir='ltr'>funesto</span> <span class='ocrx_word' id='word_1_80' title='bbox 489 1746 638 1806; x_wconf 88' lang='lat' dir='ltr'>properent</span> <span class='ocrx_word' id='word_1_81' title='bbox 651 1752 745 1791; x_wconf 88' lang='lat' dir='ltr'>arcere</span> <span class='ocrx_word' id='word_1_82' title='bbox 757 1745 872 1791; x_wconf 91' lang='lat' dir='ltr'>veterno</span> <span class='ocrx_word' id='word_1_83' title='bbox 884 1755 891 1802; x_wconf 81' lang='lat'>3</span> 
     </span>
    </p>

    <p class='ocr_par' dir='ltr' id='par_1_7' title="bbox 240 1819 1046 1970">
     <span class='ocr_line' id='line_1_14' title="bbox 240 1819 1046 1890; baseline -0.001 -16"><span class='ocrx_word' id='word_1_84' title='bbox 240 1821 319 1889; x_wconf 85' lang='lat' dir='ltr'>Quae</span> <span class='ocrx_word' id='word_1_85' title='bbox 331 1836 450 1874; x_wconf 90' lang='lat' dir='ltr'>nocuere</span> <span class='ocrx_word' id='word_1_86' title='bbox 463 1836 572 1890; x_wconf 88' lang='lat' dir='ltr'>sequar,</span> <span class='ocrx_word' id='word_1_87' title='bbox 585 1819 691 1889; x_wconf 85' lang='lat' dir='ltr'>fugiam</span> <span class='ocrx_word' id='word_1_88' title='bbox 705 1836 777 1890; x_wconf 90' lang='lat' dir='ltr'>quae</span> <span class='ocrx_word' id='word_1_89' title='bbox 790 1819 901 1889; x_wconf 90' lang='lat' dir='ltr'>profore</span> <span class='ocrx_word' id='word_1_90' title='bbox 914 1819 1046 1874; x_wconf 86' lang='lat' dir='ltr'>credam:</span> 
     </span>
     <span class='ocr_line' id='line_1_15' title="bbox 241 1902 969 1970; baseline 0 -14"><span class='ocrx_word' id='word_1_91' title='bbox 241 1904 347 1956; x_wconf 89' lang='lat' dir='ltr'>Romae</span> <span class='ocrx_word' id='word_1_92' title='bbox 359 1902 448 1956; x_wconf 92' lang='lat' dir='ltr'>Tibur</span> <span class='ocrx_word' id='word_1_93' title='bbox 461 1919 554 1956; x_wconf 88' lang='lat' dir='ltr'>amem</span> <span class='ocrx_word' id='word_1_94' title='bbox 565 1912 708 1970; x_wconf 88' lang='lat' dir='ltr'>ventosus,</span> <span class='ocrx_word' id='word_1_95' title='bbox 721 1903 826 1957; x_wconf 90' lang='lat' dir='ltr'>Tibure</span> <span class='ocrx_word' id='word_1_96' title='bbox 840 1904 969 1956; x_wconf 85' lang='lat' dir='ltr'>Romam.</span> 
     </span>
    </p>

    <p class='ocr_par' dir='ltr' id='par_1_8' title="bbox 241 1984 974 2056">
     <span class='ocr_line' id='line_1_16' title="bbox 241 1984 974 2056; baseline 0.001 -18"><span class='ocrx_word' id='word_1_97' title='bbox 241 1987 308 2039; x_wconf 89' lang='lat' dir='ltr'>Post</span> <span class='ocrx_word' id='word_1_98' title='bbox 319 1984 399 2053; x_wconf 90' lang='lat' dir='ltr'>haec,</span> <span class='ocrx_word' id='word_1_99' title='bbox 412 1993 443 2039; x_wconf 91' lang='lat' dir='ltr'>ut</span> <span class='ocrx_word' id='word_1_100' title='bbox 454 1987 554 2053; x_wconf 87' lang='lat' dir='ltr'>valeat,</span> <span class='ocrx_word' id='word_1_101' title='bbox 567 2003 622 2056; x_wconf 91' lang='lat' dir='ltr'>quo</span> <span class='ocrx_word' id='word_1_102' title='bbox 634 1995 718 2055; x_wconf 91' lang='lat' dir='ltr'>pacto</span> <span class='ocrx_word' id='word_1_103' title='bbox 731 2003 790 2040; x_wconf 88' lang='lat' dir='ltr'>rem</span> <span class='ocrx_word' id='word_1_104' title='bbox 803 1995 882 2055; x_wconf 88' lang='lat' dir='ltr'>gerat</span> <span class='ocrx_word' id='word_1_105' title='bbox 894 1994 923 2040; x_wconf 87' lang='lat' dir='ltr'>et</span> <span class='ocrx_word' id='word_1_106' title='bbox 936 2002 974 2053; x_wconf 89' lang='lat' dir='ltr'>se,</span> 
     </span>
    </p>

    <p class='ocr_par' dir='ltr' id='par_1_9' title="bbox 240 2067 930 2139">
     <span class='ocr_line' id='line_1_17' title="bbox 240 2067 930 2139; baseline 0.003 -19"><span class='ocrx_word' id='word_1_107' title='bbox 240 2069 282 2122; x_wconf 95' lang='lat' dir='ltr'>Ut</span> <span class='ocrx_word' id='word_1_108' title='bbox 293 2068 403 2136; x_wconf 90' lang='lat' dir='ltr'>placeat</span> <span class='ocrx_word' id='word_1_109' title='bbox 412 2067 517 2136; x_wconf 89' lang='lat' dir='ltr'>juveni,</span> <span class='ocrx_word' id='word_1_110' title='bbox 529 2078 702 2138; x_wconf 87' lang='lat' dir='ltr'>percontare,</span> <span class='ocrx_word' id='word_1_111' title='bbox 715 2078 801 2139; x_wconf 91' lang='lat' dir='ltr'>utque</span> <span class='ocrx_word' id='word_1_112' title='bbox 814 2068 930 2123; x_wconf 90' lang='lat' dir='ltr'>cohorti.</span> 
     </span>
    </p>

    <p class='ocr_par' dir='ltr' id='par_1_10' title="bbox 240 2149 952 2301">
     <span class='ocr_line' id='line_1_18' title="bbox 241 2149 919 2221; baseline 0.001 -18"><span class='ocrx_word' id='word_1_113' title='bbox 241 2149 272 2204; x_wconf 93' lang='lat' dir='ltr'>Si</span> <span class='ocrx_word' id='word_1_114' title='bbox 284 2149 367 2217; x_wconf 91' lang='lat' dir='ltr'>dicet,</span> <span class='ocrx_word' id='word_1_115' title='bbox 380 2151 468 2203; x_wconf 93' lang='lat' dir='ltr'>Recte</span> <span class='ocrx_word' id='word_1_116' title='bbox 479 2169 487 2215; x_wconf 91' lang='lat'>;</span> <span class='ocrx_word' id='word_1_117' title='bbox 505 2151 626 2221; x_wconf 88' lang='lat' dir='ltr'>primum</span> <span class='ocrx_word' id='word_1_118' title='bbox 638 2151 761 2221; x_wconf 89' lang='lat' dir='ltr'>gaudere</span> <span class='ocrx_word' id='word_1_119' title='bbox 772 2170 780 2217; x_wconf 93' lang='lat'>;</span> <span class='ocrx_word' id='word_1_120' title='bbox 799 2150 919 2204; x_wconf 90' lang='lat' dir='ltr'>subinde</span> 
     </span>
     <span class='ocr_line' id='line_1_19' title="bbox 240 2232 952 2301; baseline 0.003 -16"><span class='ocrx_word' id='word_1_121' title='bbox 240 2234 424 2301; x_wconf 87' lang='lat' dir='ltr'>Praeceptum</span> <span class='ocrx_word' id='word_1_122' title='bbox 436 2232 566 2287; x_wconf 89' lang='lat' dir='ltr'>auriculis</span> <span class='ocrx_word' id='word_1_123' title='bbox 578 2233 633 2288; x_wconf 94' lang='lat' dir='ltr'>hoc</span> <span class='ocrx_word' id='word_1_124' title='bbox 645 2234 780 2287; x_wconf 89' lang='lat' dir='ltr'>instillare</span> <span class='ocrx_word' id='word_1_125' title='bbox 794 2241 952 2288; x_wconf 89' lang='lat' dir='ltr'>memento:</span> 
     </span>
    </p>

    <p class='ocr_par' dir='ltr' id='par_1_11' title="bbox 242 2314 1065 2386">
     <span class='ocr_line' id='line_1_20' title="bbox 242 2314 1065 2386; baseline -0.001 -16"><span class='ocrx_word' id='word_1_126' title='bbox 242 2317 282 2370; x_wconf 95' lang='lat' dir='ltr'>Ut</span> <span class='ocrx_word' id='word_1_127' title='bbox 295 2325 324 2369; x_wconf 94' lang='lat' dir='ltr'>tu</span> <span class='ocrx_word' id='word_1_128' title='bbox 337 2314 486 2382; x_wconf 80' lang='lat' dir='ltr'>fortunam,</span> <span class='ocrx_word' id='word_1_129' title='bbox 499 2315 540 2370; x_wconf 90' lang='lat' dir='ltr'>sic</span> <span class='ocrx_word' id='word_1_130' title='bbox 552 2333 604 2370; x_wconf 93' lang='lat' dir='ltr'>nos</span> <span class='ocrx_word' id='word_1_131' title='bbox 617 2326 653 2383; x_wconf 91' lang='lat' dir='ltr'>te,</span> <span class='ocrx_word' id='word_1_132' title='bbox 668 2317 757 2382; x_wconf 88' lang='lat' dir='ltr'>Celse,</span> <span class='ocrx_word' id='word_1_133' title='bbox 769 2316 900 2370; x_wconf 80' lang='lat' dir='ltr'>feremus.</span> <span class='ocrx_word' id='word_1_134' title='bbox 926 2343 929 2350; x_wconf 89' lang='lat'>·</span> <span class='ocrx_word' id='word_1_135' title='bbox 1043 2351 1065 2386; x_wconf 70' lang='lat'>1,</span> 
     </span>
    </p>
   </div>
   <div class='ocr_carea' id='block_1_4' title="bbox 436 2559 848 2748">
    <p class='ocr_par' dir='ltr' id='par_1_12' title="bbox 436 2559 848 2748">
     <span class='ocr_line' id='line_1_21' title="bbox 491 2559 797 2614; baseline 0 -1"><span class='ocrx_word' id='word_1_136' title='bbox 491 2559 715 2614; x_wconf 85' lang='lat' dir='ltr'><strong>EPISTOLA</strong></span> <span class='ocrx_word' id='word_1_137' title='bbox 746 2560 797 2613; x_wconf 78' lang='lat' dir='ltr'>IX</span> 
     </span>
     <span class='ocr_line' id='line_1_22' title="bbox 436 2703 848 2748; baseline 0 -3"><span class='ocrx_word' id='word_1_138' title='bbox 436 2705 478 2746; x_wconf 82' lang='lat' dir='ltr'>An</span> <span class='ocrx_word' id='word_1_139' title='bbox 498 2705 665 2748; x_wconf 71' lang='lat' dir='ltr'>curvorum</span> <span class='ocrx_word' id='word_1_140' title='bbox 684 2703 848 2747; x_wconf 73' lang='lat' dir='ltr'>venonam</span> 
     </span>
    </p>
   </div>
   <div class='ocr_carea' id='block_1_5' title="bbox 240 2825 1064 3568">
    <p class='ocr_par' dir='ltr' id='par_1_13' title="bbox 241 2825 913 2895">
     <span class='ocr_line' id='line_1_23' title="bbox 241 2825 913 2895; baseline 0 -14"><span class='ocrx_word' id='word_1_141' title='bbox 241 2828 419 2893; x_wconf 78' lang='lat' dir='ltr'>SEPTIMIUS,</span> <span class='ocrx_word' id='word_1_142' title='bbox 434 2826 541 2893; x_wconf 89' lang='lat' dir='ltr'>Claudi,</span> <span class='ocrx_word' id='word_1_143' title='bbox 554 2825 686 2880; x_wconf 89' lang='lat' dir='ltr'>nimirum</span> <span class='ocrx_word' id='word_1_144' title='bbox 698 2826 828 2895; x_wconf 90' lang='lat' dir='ltr'>intelligit</span> <span class='ocrx_word' id='word_1_145' title='bbox 841 2843 913 2881; x_wconf 90' lang='lat' dir='ltr'>unus</span> 
     </span>
    </p>

    <p class='ocr_par' dir='ltr' id='par_1_14' title="bbox 240 2908 1016 3061">
     <span class='ocr_line' id='line_1_24' title="bbox 241 2908 1016 2979; baseline 0 -16"><span class='ocrx_word' id='word_1_146' title='bbox 241 2908 346 2979; x_wconf 83' lang='lat' dir='ltr'>Quanti</span> <span class='ocrx_word' id='word_1_147' title='bbox 358 2924 404 2961; x_wconf 89' lang='lat' dir='ltr'>me</span> <span class='ocrx_word' id='word_1_148' title='bbox 415 2908 520 2963; x_wconf 80' lang='lat' dir='ltr'>facias:</span> <span class='ocrx_word' id='word_1_149' title='bbox 540 2926 608 2963; x_wconf 91' lang='lat' dir='ltr'>nam</span> <span class='ocrx_word' id='word_1_150' title='bbox 620 2926 684 2963; x_wconf 92' lang='lat' dir='ltr'>cum</span> <span class='ocrx_word' id='word_1_151' title='bbox 697 2919 785 2979; x_wconf 88' lang='lat' dir='ltr'>rogat,</span> <span class='ocrx_word' id='word_1_152' title='bbox 798 2918 826 2964; x_wconf 91' lang='lat' dir='ltr'>et</span> <span class='ocrx_word' id='word_1_153' title='bbox 837 2925 920 2979; x_wconf 90' lang='lat' dir='ltr'>prece</span> <span class='ocrx_word' id='word_1_154' title='bbox 932 2909 1016 2978; x_wconf 89' lang='lat' dir='ltr'>cogit,</span> 
     </span>
     <span class='ocr_line' id='line_1_25' title="bbox 240 2991 896 3061; baseline 0 -15"><span class='ocrx_word' id='word_1_155' title='bbox 240 2991 353 3046; x_wconf 89' lang='lat' dir='ltr'>Scilicet</span> <span class='ocrx_word' id='word_1_156' title='bbox 365 3000 396 3046; x_wconf 91' lang='lat' dir='ltr'>ut</span> <span class='ocrx_word' id='word_1_157' title='bbox 408 2991 459 3045; x_wconf 94' lang='lat' dir='ltr'>tibi</span> <span class='ocrx_word' id='word_1_158' title='bbox 473 3008 503 3045; x_wconf 87' lang='lat' dir='ltr'>se</span> <span class='ocrx_word' id='word_1_159' title='bbox 515 2991 629 3046; x_wconf 90' lang='lat' dir='ltr'>laudare</span> <span class='ocrx_word' id='word_1_160' title='bbox 641 3001 668 3046; x_wconf 90' lang='lat' dir='ltr'>et</span> <span class='ocrx_word' id='word_1_161' title='bbox 681 2993 791 3047; x_wconf 89' lang='lat' dir='ltr'>tradere</span> <span class='ocrx_word' id='word_1_162' title='bbox 804 3009 896 3061; x_wconf 90' lang='lat' dir='ltr'>coner,</span> 
     </span>
    </p>

    <p class='ocr_par' dir='ltr' id='par_1_15' title="bbox 240 3075 1038 3228">
     <span class='ocr_line' id='line_1_26' title="bbox 241 3075 1038 3146; baseline 0 -15"><span class='ocrx_word' id='word_1_163' title='bbox 241 3077 366 3146; x_wconf 89' lang='lat' dir='ltr'>Dignum</span> <span class='ocrx_word' id='word_1_164' title='bbox 378 3085 472 3130; x_wconf 89' lang='lat' dir='ltr'>mente</span> <span class='ocrx_word' id='word_1_165' title='bbox 484 3075 623 3146; x_wconf 90' lang='lat' dir='ltr'>domoque</span> <span class='ocrx_word' id='word_1_166' title='bbox 635 3075 753 3146; x_wconf 90' lang='lat' dir='ltr'>legentis</span> <span class='ocrx_word' id='word_1_167' title='bbox 764 3077 885 3132; x_wconf 88' lang='lat' dir='ltr'>honesta</span> <span class='ocrx_word' id='word_1_168' title='bbox 898 3077 1020 3132; x_wconf 88' lang='lat' dir='ltr'>Neronis</span> <span class='ocrx_word' id='word_1_169' title='bbox 1031 3098 1038 3143; x_wconf 95' lang='lat'>;</span> 
     </span>
     <span class='ocr_line' id='line_1_27' title="bbox 240 3158 888 3228; baseline -0.002 -15"><span class='ocrx_word' id='word_1_170' title='bbox 240 3161 359 3214; x_wconf 89' lang='lat' dir='ltr'>Munere</span> <span class='ocrx_word' id='word_1_171' title='bbox 370 3176 436 3214; x_wconf 90' lang='lat' dir='ltr'>cum</span> <span class='ocrx_word' id='word_1_172' title='bbox 447 3158 526 3228; x_wconf 80' lang='lat' dir='ltr'>fungi</span> <span class='ocrx_word' id='word_1_173' title='bbox 538 3158 675 3228; x_wconf 88' lang='lat' dir='ltr'>propioris</span> <span class='ocrx_word' id='word_1_174' title='bbox 688 3169 784 3214; x_wconf 89' lang='lat' dir='ltr'>censet</span> <span class='ocrx_word' id='word_1_175' title='bbox 796 3159 888 3227; x_wconf 86' lang='lat' dir='ltr'>amici,</span> 
     </span>
    </p>

    <p class='ocr_par' dir='ltr' id='par_1_16' title="bbox 240 3242 928 3314">
     <span class='ocr_line' id='line_1_28' title="bbox 240 3242 928 3314; baseline -0.003 -16"><span class='ocrx_word' id='word_1_176' title='bbox 240 3243 316 3313; x_wconf 80' lang='lat' dir='ltr'>Quid</span> <span class='ocrx_word' id='word_1_177' title='bbox 328 3243 435 3312; x_wconf 87' lang='lat' dir='ltr'>possim</span> <span class='ocrx_word' id='word_1_178' title='bbox 447 3242 531 3310; x_wconf 86' lang='lat' dir='ltr'>videt,</span> <span class='ocrx_word' id='word_1_179' title='bbox 544 3259 577 3296; x_wconf 91' lang='lat' dir='ltr'>ac</span> <span class='ocrx_word' id='word_1_180' title='bbox 590 3242 668 3298; x_wconf 90' lang='lat' dir='ltr'>novit</span> <span class='ocrx_word' id='word_1_181' title='bbox 680 3260 726 3296; x_wconf 91' lang='lat' dir='ltr'>me</span> <span class='ocrx_word' id='word_1_182' title='bbox 737 3244 846 3299; x_wconf 91' lang='lat' dir='ltr'>valdius</span> <span class='ocrx_word' id='word_1_183' title='bbox 859 3244 928 3314; x_wconf 89' lang='lat' dir='ltr'>ipso.</span> 
     </span>
    </p>

    <p class='ocr_par' dir='ltr' id='par_1_17' title="bbox 240 3325 894 3397">
     <span class='ocr_line' id='line_1_29' title="bbox 240 3325 894 3397; baseline 0.002 -16"><span class='ocrx_word' id='word_1_184' title='bbox 240 3326 332 3381; x_wconf 92' lang='lat' dir='ltr'>Multa</span> <span class='ocrx_word' id='word_1_185' title='bbox 344 3326 458 3397; x_wconf 90' lang='lat' dir='ltr'>quidem</span> <span class='ocrx_word' id='word_1_186' title='bbox 470 3325 536 3393; x_wconf 92' lang='lat' dir='ltr'>dixi,</span> <span class='ocrx_word' id='word_1_187' title='bbox 550 3342 599 3380; x_wconf 91' lang='lat' dir='ltr'>cur</span> <span class='ocrx_word' id='word_1_188' title='bbox 611 3335 758 3382; x_wconf 90' lang='lat' dir='ltr'>excusatus</span> <span class='ocrx_word' id='word_1_189' title='bbox 771 3326 894 3382; x_wconf 89' lang='lat' dir='ltr'>abirem:</span> 
     </span>
    </p>

    <p class='ocr_par' dir='ltr' id='par_1_18' title="bbox 240 3408 1064 3568">
     <span class='ocr_line' id='line_1_30' title="bbox 240 3408 901 3479; baseline 0 -15"><span class='ocrx_word' id='word_1_190' title='bbox 240 3410 297 3464; x_wconf 90' lang='lat' dir='ltr'>Sed</span> <span class='ocrx_word' id='word_1_191' title='bbox 309 3409 398 3477; x_wconf 91' lang='lat' dir='ltr'>timui,</span> <span class='ocrx_word' id='word_1_192' title='bbox 411 3425 475 3464; x_wconf 89' lang='lat' dir='ltr'>mea</span> <span class='ocrx_word' id='word_1_193' title='bbox 487 3426 522 3463; x_wconf 92' lang='lat' dir='ltr'>ne</span> <span class='ocrx_word' id='word_1_194' title='bbox 534 3408 647 3463; x_wconf 89' lang='lat' dir='ltr'>finxisse</span> <span class='ocrx_word' id='word_1_195' title='bbox 659 3409 769 3463; x_wconf 89' lang='lat' dir='ltr'>minora</span> <span class='ocrx_word' id='word_1_196' title='bbox 779 3419 901 3479; x_wconf 86' lang='lat' dir='ltr'>putarer,</span> 
     </span>
     <span class='ocr_line' id='line_1_31' title="bbox 241 3492 1064 3568; baseline 0.002 -22"><span class='ocrx_word' id='word_1_197' title='bbox 241 3493 439 3549; x_wconf 89' lang='lat' dir='ltr'>Dissimulator</span> <span class='ocrx_word' id='word_1_198' title='bbox 451 3492 512 3563; x_wconf 90' lang='lat' dir='ltr'>opis</span> <span class='ocrx_word' id='word_1_199' title='bbox 524 3492 661 3564; x_wconf 88' lang='lat' dir='ltr'>propriae,</span> <span class='ocrx_word' id='word_1_200' title='bbox 674 3492 744 3546; x_wconf 91' lang='lat' dir='ltr'>mihi</span> <span class='ocrx_word' id='word_1_201' title='bbox 757 3494 921 3550; x_wconf 88' lang='lat' dir='ltr'>commodus</span> <span class='ocrx_word' id='word_1_202' title='bbox 934 3495 989 3549; x_wconf 91' lang='lat' dir='ltr'>uni.</span> <span class='ocrx_word' id='word_1_203' title='bbox 1052 3531 1064 3568; x_wconf 83' lang='lat'>9</span> 
     </span>
    </p>
   </div>
   <div class='ocr_carea' id='block_1_6' title="bbox 0 0 1406 4176">
    <p class='ocr_par' dir='ltr' id='par_1_19' title="bbox 0 0 1406 4176">
     <span class='ocr_line' id='line_1_32' title="bbox 0 0 1406 4176; baseline 0 0"><span class='ocrx_word' id='word_1_204' title='bbox 0 0 1406 4176; x_wconf 95' lang='lat' dir='ltr'> </span> 
     </span>
    </p>
   </div>
  </div>
 </body>
</html>
