2766 4162
433 457 525 497 mmm
549 458 580 498 11.
628 456 759 498 carnari
782 457 833 498 vu.
1020 459 1056 518 55

475 655 673 729 ‘CARMEN
701 678 774 729 vn.

512 823 555 863 AD
574 822 748 864 POMPEIUM.

349 946 373 997 Ο
387 957 481 997 SAEPE
494 960 605 998 mecum
618 954 728 1012 tempus
741 943 770 996 in
782 945 911 999 ultimum

348 1027 492 1100 Deducte,
500 1028 587 1080 Bruto
600 1026 716 1079 militiae
729 1026 808 1093 duce,

384 1109 453 1188 Quis
467 1119 494 1162 te
507 1109 653 1162 redonavit
668 1109 805 1178 Quiritem

417 1192 470 1261 Dis
484 1192 590 1261 patriiS,
606 1192 733 1262 Italoque
746 1193 833 1258 cae10,

348 1325 472 1394 Pompei,
485 1342 611 1379 meorum
624 1325 713 1393 prime
727 1325 873 1390 sodalium,

347 1409 418 1461 Cum
431 1425 486 1477 quo
499 1418 657 1461 morantem
671 1425 755 1477 saepe
767 1409 843 1462 diem
856 1425 939 1462 mero-

382 1490 473 1559 Fregi)
486 1500 635 1544 coronatus
648 1491 769 1554 nitentes

418 1575 598 1627 Malobathro
612 1574 693 1642 Syrio
706 1574 840 1648 capillos?

345 1709 453 1762 Tecum
466 1707 610 1775 Philippos
624 1716 651 1760 et
664 1708 783 1761 celerem
795 1709 891 1777 sugam

346 1791 435 1856 Sensi,
448 1790 545 1843 relicta
557 1807 614 1842 non
626 1791 698 1844 bene
711 1792 838 1860 parmula
850 1800 868 1856 ;“

380 1874 453 1926 Cum
465 1872 554 1925 sracta
566 1872 661 1939 virtus,
675 1882 704 1926 et
716 1874 840 1928 minaces

417 1957 510 2024 Turpe
524 1955 613 2008 solum
627 1955 743 2024 tetigere
756 1967 858 2010 mento.

345 2092 401 2146 Sed
414 2109 460 2145 me
472 2109 521 2160 per
533 2091 629 2146 hostes
644 2095 800 2148 Mercurius
814 2096 887 2148 celer

346 2179 442 2252 Denso
455 2186 605 2244 paventem
618 2178 728 2230 sustulit
741 2183 821 2230 aere:

379 2261 420 2312 Te
432 2270 526 2312 rursus
539 2258 568 2311 in
580 2259 685 2313 bellum
697 2261 844 2330 resorbens

416 2342 503 2396 Unda
515 2341 592 2404 fretis
605 2341 668 2396 tulit
680 2343 826 2396 aestuosis.

346 2477 421 2543 Ergo
435 2474 589 2543 obligatam
601 2473 687 2528 redde
699 2475 761 2542 Jovi
774 2474 884 2544 dapem,

346 2558 497 2627 Longaque
510 2556 616 2610 fessum
629 2557 729 2609 militia
741 2558 814 2610 latus

380 2641 498 2708 Depone
512 2640 563 2693 sub
577 2640 655 2693 lauru
667 2656 731 2692 mea
742 2658 749 2703 ;
768 2655 819 2692 nec

414 2724 501 2775 Parce
515 2721 593 2775 cadis
606 2721 658 2775 tibi
671 2721 825 2775 destinatis.
883 2777 886 2782 ,

345 2856 490 2910 Oblivioso
503 2855 575 2908 levia
589 2855 714 2909 Massico

344 2939 459 2992 Ciboria
471 2938 549 3006 exple
561 2958 568 3002 ;
587 2937 672 2992 funde
685 2937 836 3007 capacibus

379 3022 533 3089 Unguenta
545 3021 581 3074 de
594 3019 717 3088 conchis,
732 3020 801 3089 Quis
814 3020 871 3074 udo

415 3105 609 3171 Deproperare
622 3104 686 3171 apio
699 3119 817 3156 coronas

345 3240 466 3292 Curatve
478 3237 588 3304 myrto?
607 3253 691 3306 quem
703 3236 798 3289 Venus
812 3236 946 3290 arbitrum

345 3322 427 3374 Dicet
440 3319 574 3374 bibendi?
613 3321 679 3372 Non
693 3336 744 3387 ego
758 3319 852 3372 sanius

379 3404 544 3458 Bacchabor
558 3402 683 3456 Edonis:
704 3412 816 3471 recepto

415 3487 505 3541 Dulce
518 3485 586 3539 mihi
600 3485 690 3540 furere
702 3495 745 3539 est
757 3486 855 3539 amico.
