2748 4138
336 451 394 507 262
569 461 701 506 nonam
725 462 945 506 nprsromauu

337 594 459 648 Partitur
471 593 568 648 lintres
581 594 715 648 exercitus
727 613 734 659 ;
752 594 835 648 Actia
847 611 942 663 pugna

335 679 377 730 Te
389 677 460 731 duce
471 694 521 746 per
533 693 634 746 pueros
646 677 741 731 hostili
755 693 831 730 more
844 677 960 731 refertur
972 695 979 741 ;

334 761 518 814 Adversarius
530 770 573 814 est
586 760 687 825 frater;
707 761 792 827 lacus,
808 760 918 813 Hadria
929 779 936 824 ;
955 759 1044 813 donec

335 845 506 898 Alterutrum
518 844 600 898 velox
611 844 737 898 Victoria
749 843 847 897 fronde
860 852 982 897 coronet.

336 928 501 982 Consentire
514 928 572 982 suis
585 927 685 982 studiis
699 928 746 997 qui
759 927 908 981 crediderit
921 937 957 993 te,

337 1013 442 1065 Fautor
453 1021 572 1082 utroque
584 1020 663 1064 tuum
673 1010 803 1064 laudabit
815 1011 915 1079 pollice
927 1008 1033 1063 ludum.

335 1095 465 1149 Protinus
477 1104 508 1149 ut
520 1111 651 1148 moneam
665 1093 700 1163 (si
713 1094 781 1164 quid
793 1093 941 1147 monitoris
954 1109 1020 1160 eges
1033 1089 1074 1157 tu)

336 1177 410 1245 Quid
423 1177 458 1231 de
471 1193 582 1248 quoque
593 1177 661 1245 viro,
675 1186 703 1230 et
716 1176 760 1230 cui
773 1176 860 1243 dicaS,
874 1192 959 1245 saepe
971 1175 1076 1228 videto.

336 1261 563 1314 Percontatorem
576 1259 683 1328 fugito:
704 1276 771 1312 narn
784 1260 911 1328 garrulus
925 1259 1000 1312 idem
1014 1267 1056 1311 est
1067 1277 1074 1322 3

336 1343 396 1396 Nec
409 1343 530 1396 retinent
543 1343 655 1411 patulae
668 1342 820 1395 commissa
832 1341 951 1416 fideliter
963 1357 1044 1394 aures
1057 1359 1063 1402 ;

337 1426 374 1478 Et
387 1426 475 1479 semel
487 1425 621 1479 emissum
633 1426 709 1479 volat
723 1425 902 1479 irrevocabile
914 1424 1039 1478 verbum.

335 1509 402 1561 Non
414 1508 516 1561 ancilla
528 1517 606 1562 tuum
616 1509 695 1577 jecur
707 1509 811 1561 ulceret
823 1508 888 1573 ulla,
901 1522 1012 1576 puerve,

337 1595 413 1648 Intra
426 1609 613 1646 marmoreum
625 1593 777 1646 venerandi
790 1592 876 1645 limen
890 1591 990 1645 amici:

335 1678 380 1729 Ne
392 1676 523 1729 dominus
536 1675 614 1744 pueri
627 1675 736 1746 pulchri
749 1689 866 1729 caraeve
878 1675 987 1744 puellae

336 1761 453 1813 Munere
466 1768 494 1812 te
505 1775 592 1827 parvo
604 1760 677 1826 beet,
691 1768 739 1812 aut
752 1758 947 1812 incommodus
960 1764 1052 1826 angat.

335 1842 455 1911 Qualem
467 1841 656 1909 commendes,
670 1842 755 1895 etiam
768 1851 853 1912 atque
865 1842 951 1894 etiam
963 1840 1094 1911 adspice:
1114 1856 1150 1893 ne
1163 1857 1232 1896 mox

335 1923 477 1977 Incutiant
490 1924 582 1978 aliena
594 1924 645 1978 tibi
657 1935 774 1995 peccata
786 1925 930 1994 pudorem.

335 2007 477 2073 Fallimur,
491 2017 518 2060 et
531 2009 675 2077 quondam
687 2008 744 2061 non
758 2008 875 2078 dignum
888 2007 1041 2062 tradimus:
1062 2022 1128 2074 ergo

335 2093 426 2160 Quem
439 2107 491 2144 sua
503 2091 585 2160 culpa
597 2100 713 2160 premet,
726 2091 860 2161 deceptus
873 2092 971 2146 omitte
984 2091 1054 2145 tueri
1067 2109 1073 2154 ;

336 2176 376 2228 Ut
388 2174 500 2243 penitus
513 2183 620 2241 notum,
634 2174 657 2228 si
670 2184 778 2229 tentent
792 2176 917 2243 crimina,
931 2191 1034 2241 serveS,

334 2257 501 2328 Tuterisque
513 2266 562 2311 tuo
574 2257 708 2312 fidentem
720 2260 878 2328 praesidio:
899 2259 947 2329 qui

335 2343 427 2395 Dente
441 2341 588 2395 Theonino
601 2358 665 2395 curn
679 2342 899 2409 circumroditur,
912 2341 1013 2412 ecquid

333 2425 378 2478 Ad
391 2433 419 2478 te
431 2434 495 2493 post
508 2425 602 2494 paullo
614 2434 732 2479 ventura
744 2425 868 2494 pericula
881 2425 986 2479 sentis?

336 2510 412 2561 Nam
425 2517 474 2562 tua
485 2524 530 2561 res
543 2507 643 2577 agitur,
655 2508 747 2577 paries
761 2525 825 2562 cum
838 2508 981 2578 proximus
994 2507 1073 2560 ardet
1085 2525 1092 2570 ;

334 2593 371 2646 Et
384 2592 512 2660 neglecta
525 2592 615 2645 solent
628 2591 759 2645 incendia
771 2607 880 2645 sumere
892 2590 972 2644 vires.

336 2675 434 2729 Dulcis
447 2674 596 2743 inexpertis
610 2675 717 2728 cultura
729 2675 852 2744 potentis
865 2673 968 2738 amici3

335 2761 473 2828 Expertus
486 2757 592 2811 metuit.
630 2757 683 2825 Tu,
697 2757 765 2810 dum
777 2766 825 2811 tua
839 2757 919 2810 navis
932 2757 961 2810 in
974 2757 1031 2810 alto
1044 2764 1094 2822 est,

335 2843 399 2895 Hoc
409 2858 470 2911 age,
483 2857 518 2893 ne
530 2848 639 2894 mutata
651 2849 802 2893 retrorsum
814 2848 842 2893 te
855 2840 925 2893 ferat
938 2856 1013 2893 aura.

335 2925 462 2979 Oderunt
474 2923 592 2976 hilarem
605 2922 707 2990 tristes,
720 2923 885 2993 tristemque
895 2923 995 2992 jocosi,

335 3007 470 3062 Sedatum
483 3007 595 3074 celeres,
608 3005 710 3074 agilem
723 3022 882 3075 navumque
895 3005 1004 3059 remissi
1017 3023 1023 3069 ;

332 3093 447 3145 Potores
462 3091 562 3156 [bibuli
572 3091 665 3144 media
677 3090 710 3143 de
722 3095 799 3143 nocte
810 3090 932 3143 Falerni

335 3175 474 3238 Oderunt]
488 3183 617 3244 porrecta
629 3182 779 3242 negantem
791 3172 909 3243 pocula;
928 3173 1056 3244 quamvis

335 3260 496 3311 Nocturnos
506 3257 583 3325 jures
596 3265 623 3310 te
636 3255 786 3309 formidare
798 3272 925 3324 vapores.

336 3341 427 3393 Deme
440 3339 587 3408 supercilio
599 3339 721 3392 nubem:
742 3337 906 3407 plerumque
918 3338 1062 3392 modestus

335 3424 462 3491 Occupat
475 3421 586 3475 obscuri
600 3421 730 3491 speciem,
743 3421 897 3474 taciturnus
910 3421 1011 3474 acerbi.

336 3507 412 3558 lnter
425 3513 526 3557 cuncta
537 3505 612 3572 leges
626 3512 653 3558 et
665 3504 865 3574 percontabere
878 3503 984 3570 doctos,
1157 3531 1183 3577 9⁶
