2748 4138
340 496 341 499 ¹
398 474 491 516 LIBER
514 475 545 516 11.
591 473 740 516 EPISTOLA
763 475 794 517 ll.
960 475 1017 536 275

175 607 301 673 Munera,
314 621 385 675 quae
397 605 486 659 multa
498 603 590 657 dantis
603 620 668 657 cum
680 603 762 658 laude
774 604 904 671 tulerunt,

174 689 276 744 Dilecti
290 688 340 742 tibi
353 688 484 756 Virgilius
497 687 652 756 Variusque
665 691 780 756 poetae:

175 775 236 826 Nec
248 771 338 840 magis
352 771 475 840 expressi
487 771 577 824 voltus
590 786 640 839 per
653 775 740 823 aenea
753 769 842 838 signa,

175 855 267 923 Quam
279 871 329 923 per
340 854 412 906 vatis
425 869 494 922 opus
507 869 599 905 mores
612 851 753 922 animique
765 851 887 905 virorum

175 938 318 991 Clarorum
331 945 473 1006 apparent.
511 937 572 989 Nec
586 951 727 989 sermones
740 951 792 1003 ego
805 935 917 988 mallem

174 1021 314 1089 Repentes
327 1036 375 1088 per
387 1019 511 1086 humum,
525 1035 610 1088 quam
622 1034 665 1071 res
678 1034 845 1086 componere
858 1026 960 1086 gestas

173 1103 377 1172 Terrarumque
390 1102 459 1154 situs
472 1111 499 1154 et
512 1100 628 1155 flumina
640 1100 739 1168 dicere,
753 1109 780 1154 et
794 1117 872 1154 arces

176 1185 321 1238 Montibus
334 1184 488 1253 impositas,
501 1193 528 1237 et
540 1184 661 1238 barbara
672 1199 766 1252 regna,
779 1183 889 1254 tuisque

174 1267 313 1336 Auspiciis
326 1277 416 1321 totum
428 1266 556 1321 confecta
568 1266 660 1321 duella
672 1283 721 1335 per
733 1267 839 1334 orbem,

175 1351 359 1420 Claustraque
372 1350 518 1404 custodem
530 1349 608 1419 pacis
622 1349 782 1403 cohibentia
793 1350 903 1419 Janum,

175 1434 212 1486 Et
225 1433 403 1486 formidatam
417 1432 536 1500 Parthis,
550 1441 577 1485 te
590 1432 722 1501 principe,
737 1433 867 1499 Romam,

174 1515 213 1582 Si,
223 1525 358 1586 quantum
368 1531 506 1585 cuperem,
515 1531 628 1584 possem
638 1530 764 1584 quoque:
785 1516 835 1569 sed
844 1531 935 1586 neque
945 1532 1061 1584 parvum

175 1599 294 1652 Carmen
307 1599 439 1668 majestas
452 1598 549 1667 recipit
561 1606 627 1663 tua;
646 1614 698 1650 nec
711 1614 789 1651 meus
802 1598 887 1653 audet

175 1684 247 1735 Rem
259 1690 367 1735 tentare
378 1681 477 1751 pudor,
490 1698 575 1751 quam
587 1680 659 1734 vires
672 1680 743 1734 serre
754 1690 890 1736 recusent.

175 1764 315 1818 Sedulitas
327 1773 421 1817 autem
433 1764 524 1830 stulte,
538 1779 621 1833 quem
634 1763 733 1832 diligit,
747 1773 826 1832 urget
837 1783 844 1828 ;

176 1847 326 1918 Praecipue
340 1864 404 1901 cum
418 1863 447 1900 se
460 1847 583 1901 numeris
597 1846 776 1900 commendat
789 1856 816 1900 et
829 1855 904 1900 arte:

176 1929 267 1983 Discit
280 1931 355 1983 enim
367 1929 457 1997 citius,
470 1929 652 2000 meminitque
666 1929 796 1983 libentius
809 1930 877 1984 illud

177 2012 259 2080 Quod
271 2012 334 2081 quis
347 2011 462 2079 deridet,
476 2029 560 2082 quam
573 2013 649 2082 quod
661 2014 761 2081 probat
774 2021 801 2066 et
814 2021 967 2067 veneratur.

177 2095 226 2148 Nil
239 2111 331 2148 moror
343 2094 465 2147 officium
479 2094 554 2163 quod
567 2111 612 2148 me
624 2105 738 2163 gravat:
759 2112 792 2148 ac
805 2112 894 2167 neque
906 2096 971 2150 ficto

177 2178 212 2229 ln
223 2177 302 2246 pej'us
314 2176 391 2230 voltu
403 2177 521 2245 proponi
534 2193 630 2230 cereus
644 2194 771 2247 usquam,

176 2262 237 2313 Nec
249 2275 334 2329 prave
347 2258 428 2311 factis
442 2258 567 2312 decorari
579 2258 707 2312 versibus
720 2268 804 2328 opto:

176 2346 221 2397 Ne
233 2344 349 2397 rubeam
361 2342 457 2411 pingui
471 2341 591 2395 donatus
603 2359 726 2409 munere,
740 2352 767 2396 et
780 2361 836 2396 una

177 2428 249 2481 Cum
262 2426 394 2495 scriptore
407 2442 470 2478 meo
484 2441 570 2494 capsa
582 2435 725 2494 porrectus
738 2435 842 2494 aperta,

177 2509 294 2564 Deferar
306 2509 334 2562 in
347 2509 439 2562 vicum
452 2508 619 2562 vendentem
631 2509 696 2561 thus
710 2518 737 2562 et
750 2509 850 2563 odores

176 2594 213 2646 Et
226 2593 312 2662 piper,
326 2601 353 2645 et
366 2591 501 2661 quidquid
514 2591 618 2645 chartis
631 2590 759 2646 amicitur
771 2591 880 2662 ineptis.
988 2627 1025 2661 270

450 2822 678 2880 EPISTOLA'
706 2827 748 2879 ΙΙ.

431 2970 474 3011 ΑΙ)
492 2969 610 3024 Jumuu
630 2969 765 3012 suouuu.

177 3092 290 3158 Horta,
303 3091 378 3145 bono
391 3090 521 3161 claroque
533 3089 623 3144 fidelis
637 3090 727 3144 amice
741 3091 856 3158 Neroni,

175 3174 206 3228 Si
219 3174 281 3245 quis
293 3174 363 3228 sorte
375 3174 442 3226 velit
454 3190 571 3242 puerum
584 3173 634 3228 tibi
647 3173 767 3227 vendere
779 3183 877 3228 natum

175 3257 279 3312 Tibure
290 3257 335 3311 vel
349 3256 455 3323 Gabiis,
469 3265 496 3310 et
509 3266 602 3310 tecum
616 3257 655 3310 sic
669 3265 752 3325 agat;
773 3256 828 3309 Hic
841 3266 869 3311 et

176 3340 328 3408 Candidus,
342 3349 369 3394 et
381 3341 453 3393 talos
466 3356 484 3392 a
495 3339 598 3393 vertice
610 3339 725 3409 pulcher
738 3338 774 3392 ad
786 3338 866 3407 imos,

177 3423 239 3477 Fiet
251 3424 358 3494 eritque
370 3432 434 3477 tuus
447 3439 625 3477 nummorum
639 3421 752 3475 milibus
765 3431 837 3490 octo,

177 3507 271 3560 Vema
282 3506 445 3561 ministeriis
458 3505 495 3560 ad
507 3515 590 3560 nutus
604 3514 685 3575 aptus
697 3505 798 3559 heriles
809 3525 816 3570 3
