2766 4162
595 460 727 503 HORATII
748 461 920 505 CARMINUM

618 956 808 1010 CARMEN
835 957 889 1010 VI.

633 1100 676 1141 nn
694 1100 864 1143 acarnanii.

436 1219 601 1274 Scaianais
614 1219 699 1274 Vario
712 1218 791 1273 sortis
805 1228 832 1273 et
844 1219 969 1274 hostiurn

436 1302 532 1355 Victor
545 1302 671 1356 Maeonii
684 1301 817 1356 carminis
832 1302 906 1369 alite,

437 1385 530 1454 Quam
543 1401 602 1438 rem
615 1402 725 1455 cunque
737 1384 814 1439 ferox
827 1385 946 1439 navibus
958 1393 1007 1439 aut
1019 1385 1098 1454 equis

508 1468 600 1535 Miles,
613 1476 642 1522 te
654 1468 733 1534 duce,
746 1467 872 1536 gesserit.

439 1626 509 1691 Nos,
521 1624 655 1694 Agrippa,
668 1642 759 1696 neque
770 1625 841 1678 haec
854 1624 954 1692 dicere,
967 1641 1018 1679 nec
1031 1642 1146 1695 gravem

438 1706 552 1761 Pelidae
565 1709 742 1762 stomachum
755 1708 854 1762 cedere
867 1708 963 1775 nescii,

439 1791 500 1844 Nec
514 1806 610 1844 cursus
624 1790 743 1860 duplicis
756 1807 806 1860 per
818 1807 894 1845 mare
908 1790 1010 1858 Ulixei,

510 1874 572 1926 Nec
585 1889 699 1926 saevam
712 1873 823 1942 Pelopis
836 1873 961 1936 domum,

439 2029 582 2083 Conamur
593 2038 691 2083 tenues
703 2029 829 2098 grandia,
843 2029 910 2083 dum
922 2030 1013 2099 pudor

440 2112 621 2182 Imbellisque
633 2113 709 2181 lyrae
723 2114 808 2165 Musa
820 2121 920 2181 potens
932 2122 1008 2167 vetat

440 2195 551 2249 Laudes
564 2195 668 2264 egregii
683 2195 812 2248 Caesaris
825 2205 852 2249 et
865 2203 928 2250 tuas

509 2278 599 2347 Culpa
610 2277 735 2332 deterere
747 2277 849 2347 ingeni.

440 2435 510 2505 Quis
524 2437 647 2489 Martem
660 2435 756 2489 tunica
768 2444 874 2490 tectum
886 2434 1069 2490 adamantina

441 2519 534 2588 Digne
546 2519 706 2588 scripserit?
725 2528 773 2572 aut
785 2519 899 2588 pulvere
912 2519 1014 2572 Troico

440 2603 561 2672 Nigrum
574 2601 741 2655 Merionen?
761 2610 808 2654 aut
821 2616 874 2670 ope
888 2601 1011 2654 Palladis

509 2683 639 2753 Tydiden
652 2683 759 2752 superis
773 2683 890 2752 parem?

441 2843 502 2895 Nos
515 2839 651 2907 convivia,
664 2857 716 2894 nos
728 2838 835 2909 proelia
847 2838 986 2907 virginum

441 2922 532 2978 Sectis
546 2923 574 2976 in
584 2922 702 2992 juvenes
714 2921 855 2990 unguibus
868 2921 975 2975 acrium

441 3009 596 3062 Cantamus
608 3005 698 3073 vacui,
711 3005 770 3059 sive
783 3004 850 3075 quid
863 3005 976 3072 urimur,

512 3091 579 3143 Non
591 3097 702 3159 praeter
714 3088 827 3143 solitum
839 3089 921 3143 leves.
