2804 4176
434 469 528 512 LIBER
551 469 582 512 11.
633 469 745 512 SATIRA
768 469 814 511 lll.
989 471 1047 527 209

197 600 235 652 Et
247 597 384 670 quidquid
396 599 477 653 volet.
515 600 589 665 Hoc,
601 597 687 652 veluti
698 597 800 652 virtute
812 607 949 668 paratum,

198 681 326 752 Speravit
337 697 458 751 magnae
470 681 547 735 laudi
559 680 626 734 fore.
665 680 740 749 Quid
753 681 844 735 simile
857 681 902 735 isti

198 765 324 820 Graecus
337 765 506 835 Aristippus
520 763 567 835 qui
580 779 674 817 servos
686 762 821 833 projicere
834 782 933 818 aurum

198 847 232 901 In
245 847 339 902 media
348 847 432 917 jussit
446 847 543 916 Libya,
557 846 623 917 quia
635 845 742 900 tardius
754 846 826 901 irent

198 931 315 1000 Propter
327 947 397 985 onus
411 930 531 999 segnes?
549 939 611 984 uter
623 938 665 983 est
678 928 802 983 insanior
813 931 934 984 horum?

100 1053 103 1058 .
199 1013 249 1067 Nil
262 1014 320 1082 agit
332 1014 499 1083 exemplum,
511 1013 589 1067 litem
602 1012 677 1083 quod
690 1013 738 1066 lite
750 1014 870 1067 resolvit

199 1095 229 1149 Si
242 1095 304 1166 quis
317 1105 394 1150 emat
405 1096 536 1163 citharae,
549 1105 658 1165 emptas
671 1105 827 1165 comportet
839 1096 869 1149 in
882 1113 977 1163 unum,

198 1179 260 1232 Nec
273 1177 367 1232 studio
379 1178 503 1232 citharae
515 1193 567 1232 nec
581 1179 683 1232 Musae
695 1177 806 1232 deditus
818 1179 867 1232 ulli
879 1197 886 1243 ;

199 1260 230 1315 Si
242 1261 353 1331 scalpra
364 1268 393 1315 et
404 1260 509 1315 formas
522 1277 579 1315 non
592 1269 670 1315 sutor
681 1279 687 1325 ;
706 1261 821 1315 nautica
831 1261 894 1315 vela

199 1345 323 1399 Aversus
335 1342 516 1398 mercaturis:
538 1344 641 1399 delirus
654 1354 681 1398 et
694 1360 792 1398 amens

199 1427 334 1499 Undique
345 1427 456 1482 dicatur
467 1427 576 1482 merito.
615 1427 670 1498 Qui
684 1427 825 1496 discrepat
837 1427 907 1495 istis,

200 1510 255 1580 Qui
267 1527 398 1565 nummos
410 1527 565 1581 aurumque
577 1510 713 1577 recondit,
726 1509 838 1564 nescius
850 1510 891 1564 uti

200 1594 379 1664 Compositis,
391 1602 576 1664 metuensque
587 1594 663 1648 velut
675 1593 838 1662 contingere
851 1594 982 1648 sacrum?

199 1677 230 1732 Si
243 1676 305 1748 quis
318 1677 355 1732 ad
368 1676 511 1746 ingentem
524 1675 655 1730 frumenti
668 1692 780 1746 semper
792 1693 923 1731 acervum
1015 1718 1018 1724 .

200 1761 347 1814 Porrectus
359 1759 455 1829 vigilet
467 1776 532 1813 cum
544 1759 629 1828 longo
642 1758 724 1827 suste,
736 1776 828 1830 neque
840 1759 916 1814 illinc

199 1843 310 1898 Audeat
323 1842 448 1896 esuriens
460 1841 591 1896 dominus
603 1842 765 1911 contingere
777 1859 904 1911 granum,

199 1928 241 1978 Ac
254 1924 347 1996 potius
360 1923 433 1978 loliis
445 1941 547 1994 parcus
560 1934 691 1979 vescatur
702 1925 823 1980 amaris:

201 2009 239 2075 Si,
252 2007 352 2077 positis
365 2008 440 2061 intus
454 2007 518 2061 Chii
530 2008 688 2078 veterisque
701 2008 813 2062 Falerni

201 2091 281 2145 Mille
294 2089 382 2157 cadis,
394 2089 465 2143 nihil
477 2099 528 2158 est,
542 2099 698 2145 tercentum
710 2091 843 2159 millibus,
856 2107 920 2145 acre

202 2175 283 2228 Potet
295 2183 423 2227 acetum:
443 2189 505 2243 age,
518 2173 542 2225 si
554 2183 582 2228 et
595 2174 755 2228 stramentis
768 2174 881 2228 incubet
893 2173 979 2228 unde-

203 2255 356 2325 Octoginta
367 2271 457 2309 armos
470 2265 561 2323 natus,
575 2257 619 2311 cui
632 2257 756 2326 stragula
767 2257 862 2318 vestis,

202 2340 359 2393 Blattarum
372 2353 405 2391 ac
418 2337 558 2392 tinearum
570 2339 677 2408 epulae,
689 2347 832 2408 putrescat
844 2339 874 2392 in
886 2355 968 2393 arca:

203 2421 345 2475 Nimirum
357 2420 472 2474 insanus
485 2421 582 2490 paucis
595 2420 722 2474 videatur
734 2438 775 2488 eo,
789 2421 864 2491 quod

203 2504 331 2558 Maxima
342 2519 407 2573 pars
419 2503 567 2557 hominum
579 2503 678 2557 morbo
688 2503 811 2572 jactatur
823 2503 930 2558 eodem.

204 2587 292 2642 Filius
305 2596 353 2642 aut
366 2587 452 2642 etiam
463 2587 533 2641 haec
546 2586 662 2641 libertus
675 2595 706 2641 ut
718 2586 813 2641 ebibat
825 2587 915 2654 heres,

205 2671 257 2724 Dis
270 2670 382 2724 inimice
395 2686 488 2737 senex,
501 2668 645 2723 custodis?
664 2685 700 2722 ne
712 2668 763 2723 tibi
775 2668 869 2724 desit?

205 2754 378 2824 Quantulum
390 2753 466 2808 enim
478 2769 605 2807 summae
618 2751 739 2807 curtabit
751 2752 870 2823 quisque
883 2752 1000 2820 dierum,

204 2839 319 2907 Ungere
332 2836 355 2891 si
368 2837 462 2891 caules
475 2837 537 2891 oleo
549 2836 673 2903 meliore,
685 2844 824 2906 caputque

204 2920 336 2990 Coeperis
348 2920 461 2989 impexa
472 2919 586 2974 foedum
597 2918 759 2989 porrigine?
797 2920 897 2988 Quare,

204 3003 235 3057 Si
248 3003 358 3074 quidvis
370 3003 440 3057 satis
452 3012 504 3070 est,
516 3002 650 3072 perjuras,
663 3002 787 3072 surripis,
800 3002 891 3057 aufers

205 3086 358 3157 Undique?
395 3086 468 3140 Tun'
479 3087 585 3140 sanus?
623 3086 762 3157 Populum
775 3086 799 3139 si
811 3086 927 3140 caedere
940 3087 1014 3140 saxis

206 3169 338 3240 Incipias,
351 3185 501 3240 servosque
513 3178 577 3223 tuos
590 3185 661 3239 quos
673 3185 736 3223 aere
748 3169 865 3239 pararis,

206 3253 341 3308 Insanum
354 3262 382 3307 te
394 3268 493 3307 omnes
506 3251 584 3322 pueri
597 3252 774 3323 clamentque
786 3252 911 3322 puellae:

206 3338 279 3391 Cum
289 3337 391 3408 laqueo
403 3351 518 3390 uxorem
530 3335 676 3403 interimis,
695 3345 868 3407 matremque
880 3353 996 3405 veneno,

207 3419 345 3474 Incolumi
355 3419 446 3489 capite
456 3420 506 3473 es?
527 3419 603 3489 Quid
612 3419 707 3474 enim?
728 3421 828 3491 Neque
837 3429 868 3474 tu
878 3421 931 3475 hoc
941 3420 1109 3491 lacisArgis,

208 3502 269 3555 Nec
282 3500 362 3569 ferro,
375 3511 406 3556 ut
419 3502 535 3558 demens
547 3502 711 3573 genitricem
724 3503 829 3558 occidis
843 3505 964 3558 Orestes.
1024 3537 1059 3574 133

624 3620 643 3661 P
