2792 4168
632 461 763 505 HORATII
787 459 959 505 CARMINUM

517 642 524 656 ,
568 591 669 646 Adfixa
681 589 812 658 delubris,
825 599 853 644 et
865 605 944 643 arma

604 675 742 730 Militibus
756 675 816 729 sine
828 674 922 742 caede,
935 673 1013 741 dixit,

536 811 660 879 Derepta
671 808 729 863 vidi
741 828 748 874 ;
766 808 823 862 vidi
836 824 888 877 ego
901 806 1004 861 civium

537 891 653 946 Retorta
665 900 743 960 tergo
755 891 871 946 brachia
883 890 979 957 libero,

571 976 726 1046 Portasque
738 991 795 1028 non
808 975 927 1036 clausas
943 982 970 1027 et
983 988 1051 1026 arva

606 1059 699 1111 Marte
711 1057 765 1111 coli
777 1057 911 1127 populata
923 1063 1026 1109 nostro.

536 1191 614 1244 Auro
626 1207 760 1260 repensus
773 1189 879 1244 scilicet
892 1189 982 1243 acrior

536 1261 620 1326 Miles
632 1272 741 1327 redibit.
780 1271 901 1341 Flagitio
913 1270 1016 1325 additis

571 1358 724 1410 Damnum.
762 1356 863 1426 Neque
875 1354 994 1407 amissos
1006 1354 1113 1407 colores

609 1440 686 1492 Lana
698 1437 781 1492 refert
793 1436 933 1490 medicata
945 1436 1008 1490 luco
1019 1454 1027 1500 3

542 1561 569 1612 N
574 1575 605 1613 ec
617 1575 684 1612 vera
695 1558 792 1624 virtus,
805 1574 870 1611 curn
883 1557 970 1611 semel
981 1555 1090 1623 excidit,

542 1643 627 1696 Curat
639 1641 736 1711 reponi
749 1640 939 1694 deterioribus.

573 1724 604 1778 Si
616 1733 724 1793 pugnat
736 1723 870 1777 extricata
881 1721 977 1776 densis

610 1808 699 1861 Cerva
711 1805 809 1876 plagis,
822 1804 873 1859 en't
885 1805 931 1859 ille
943 1805 1030 1873 fortis,

541 1927 596 1997 Qui
608 1927 721 1997 perfidis
735 1943 764 1980 se
777 1925 894 1980 credidit
905 1926 1033 1980 hostibus
1045 1945 1052 1991 ;

540 2011 578 2064 Et
591 2011 683 2063 Marte
697 2010 806 2063 Poenos
818 2017 939 2078 proteret
951 2009 1047 2076 altero,

576 2092 631 2162 Qui
643 2093 703 2145 lora
714 2091 848 2145 restrictis
860 2091 972 2146 lacertis

609 2174 703 2229 Sensit
716 2173 798 2241 iners,
811 2173 957 2246 timuitque
969 2183 1095 2230 mortem.

542 2294 607 2363 Hic,
619 2294 694 2348 unde
705 2294 793 2348 vitam
805 2304 934 2363 sumeret,
947 2295 1058 2363 inscius,

541 2380 645 2433 Pacem
657 2378 750 2432 duello
761 2379 881 2433 miscuit.
920 2381 945 2434 Ο
958 2379 1065 2450 pudor!

576 2463 601 2516 0
615 2478 720 2529 magna
733 2461 885 2531 Karthag0,
897 2461 1040 2531 probrosis

609 2543 700 2598 Altior
713 2543 811 2598 Italiae
822 2543 910 2598 ruinis
921 2546 927 2598 !

542 2665 642 2718 Fertur
654 2663 773 2734 pudicae
785 2664 911 2734 conjugis
924 2665 1058 2731 osculum,

543 2749 704 2818 Parvosque
715 2755 806 2814 natos,
819 2755 849 2800 ut
861 2746 960 2816 capitis
972 2747 1072 2814 minor,

576 2830 622 2883 Ab
635 2846 665 2883 se
678 2829 837 2896 removisse,
850 2838 878 2882 et
889 2829 996 2883 virilem

614 2913 724 2966 Torvus
736 2912 814 2965 humi
827 2911 956 2982 posuisse
967 2913 1074 2966 voltum
1085 2927 1098 2977 ;'

546 3035 644 3087 Donec
656 3033 784 3087 labantes
797 3032 913 3086 consilio
927 3034 1024 3087 Patres

545 3116 683 3170 Firmaret
696 3124 793 3170 auctor
804 3132 948 3187 nunquam
960 3116 1030 3170 alias
1042 3115 1117 3183 dato,

580 3200 711 3270 Interque
722 3207 878 3253 maerentes
890 3199 996 3252 amicos

615 3281 752 3351 Egregius
764 3289 924 3351 properaret
936 3281 1020 3334 exsul

546 3400 631 3471 Atqui
644 3400 750 3455 sciebat
763 3417 833 3472 quae
846 3400 899 3455 sibi
912 3401 1048 3455 barbarus

545 3483 646 3538 Tortor
657 3492 767 3555 pararet
778 3503 783 3539 :
804 3501 860 3538 non
873 3484 953 3540 aliter
964 3493 1058 3540 tamen
