2792 4168
336 467 393 524 132
591 461 723 505 nonunt
749 461 921 534 caumatum

471 592 560 662 Judex
572 592 722 644 honestum
734 590 864 660 praetulit
877 590 945 658 utili,

473 675 580 744 Rejecit
594 675 650 727 alto
663 673 738 727 dona
750 674 911 727 nocentium

505 760 598 825 Voltu‚
611 775 662 828 per
674 759 819 812 obstantes
832 767 958 812 catervas

541 843 682 911 Explicuit
695 859 746 895 sua
757 843 846 895 victor
858 858 943 896 arma.

473 969 538 1021 Non
551 966 742 1035 possidentem
753 967 842 1020 multa
853 964 997 1019 vocaveris

471 1051 558 1104 Recte
571 1051 701 1103 beatum:
722 1049 824 1103 rectius
837 1057 957 1118 occupat

506 1134 618 1186 Nomen
630 1132 715 1200 beati,
728 1132 775 1202 qui
789 1133 905 1186 deorum

541 1216 706 1270 Muneribus
719 1216 858 1285 sapienter
869 1214 919 1282 uti,

471 1344 634 1413 Duramque
647 1342 728 1394 callet
741 1339 902 1409 pauperiem
913 1337 980 1407 pati,

470 1425 608 1495 Pejusque
621 1426 676 1478 leto
688 1423 825 1492 flagitium
837 1422 934 1476 timet:

507 1510 574 1562 Non
587 1508 632 1561 ille
644 1524 695 1576 pro
708 1507 780 1560 caris
793 1505 892 1558 amicis

540 1594 596 1646 Aut
609 1591 700 1661 patria
712 1590 826 1644 timidus
839 1588 935 1659 perire.

629 1861 814 1915 CARMEN
846 1861 879 1913 X.

629 2006 672 2047 AI)
691 2005 883 2048 LIGURINUM.

366 2131 390 2182 0
404 2140 559 2183 CRUDELIS
573 2129 663 2184 adhuc
677 2140 704 2183 et
716 2130 832 2183 Veneris
845 2129 1007 2184 muneribus
1019 2139 1127 2200 potens,

365 2215 511 2282 Insperata
524 2221 587 2266 tuae
600 2230 665 2266 cum
676 2213 768 2266 veniet
781 2213 877 2282 pluma
889 2213 1043 2282 superbiae,

365 2298 411 2363 Et,
424 2312 495 2366 quae
507 2313 581 2349 nunc
593 2297 716 2350 humeris
729 2296 884 2364 involitant,
898 2296 1052 2351 deciderint
1064 2313 1171 2364 comae,

365 2380 449 2433 Nunc
462 2387 491 2432 et
503 2379 550 2449 qui
563 2381 639 2432 color
650 2389 693 2433 est
705 2379 840 2449 puniceae
852 2380 919 2433 flore
931 2379 1007 2448 prior
1018 2396 1107 2447 rosae,

365 2464 491 2517 Mutatus
506 2463 668 2531 Ligurinum
680 2463 709 2515 in
721 2463 822 2516 faciem
833 2463 945 2516 verterit
957 2462 1107 2532 hispidam,

365 2546 458 2613 Dices,
471 2546 543 2600 heu!
563 2547 671 2617 quoties
684 2555 712 2600 te
725 2547 837 2615 speculo
849 2546 951 2600 videris
965 2548 1099 2600 alterum:

365 2631 444 2698 Quae
457 2646 536 2682 mens
549 2639 591 2682 est
603 2629 696 2696 hodie,
709 2646 758 2683 cur
770 2629 869 2682 eadem
882 2645 939 2681 non
951 2646 1036 2698 puero
1049 2628 1119 2683 fuit?

363 2713 415 2767 Vel
428 2730 477 2766 cur
488 2713 532 2766 his
546 2713 646 2767 animis
659 2713 813 2767 incolumes
825 2730 883 2767 non
895 2714 1011 2768 redeunt
1023 2714 1130 2783 genae?

619 2985 739 3038 CARM
747 2985 804 3036 EN
837 2984 891 3038 XI.

625 3131 668 3172 An
687 3131 879 3172 autemnam.

471 3253 533 3307 EST
545 3253 614 3306 mihi
627 3270 732 3307 nonum
745 3253 902 3323 superantis
916 3269 1021 3306 annum

471 3334 574 3388 Plenus
588 3335 691 3388 Albani
705 3335 791 3389 cadus
803 3355 810 3401 ;
830 3345 872 3389 est
885 3335 913 3388 in
927 3334 1016 3401 horto,

471 3416 569 3484 Phylli,
582 3417 727 3470 nectendis
740 3418 836 3487 apium
849 3418 959 3471 coronis
971 3437 978 3483 3

541 3500 594 3552 Est
606 3499 726 3553 hederae
739 3500 781 3554 vis
