2804 4176
488 407 582 451 manu
604 407 624 451 1.
669 406 781 451 suumn
802 406 855 450 v11.
1038 392 1096 466 189

250 540 373 594 Prausus
385 555 442 594 non
454 538 544 608 avide,
557 547 694 610 quantum
706 539 862 610 interpellet
874 538 952 593 inani

249 623 354 676 Ventre
366 622 442 676 diem
454 622 563 691 durare,
576 621 748 676 domesticus
760 622 838 677 otior.
878 623 958 677 Haec
971 631 1014 676 est

249 705 316 760 Vita
328 706 483 760 solutorum
495 704 599 759 misera
611 704 764 759 ambitione
776 704 926 775 gravique:

252 790 307 844 His
319 805 366 844 me
378 788 508 843 consolor
519 787 659 843 victurum
672 787 793 855 suavius,
806 804 839 842 ac
852 788 876 842 si

252 874 390 941 Quaestor
402 887 479 939 avus,
491 879 571 941 pater
583 879 668 941 atque
680 886 767 938 meus,
780 879 951 941 patruusque
962 869 1066 926 suisset

1061 955 1095 992 131

542 1156 706 1211 SATIRA
732 1157 809 1210 VII.

252 1291 439 1345 PROSCRIPTI
454 1289 540 1359 Regis
554 1289 648 1360 Rupili
660 1306 714 1359 pus
726 1298 811 1360 atque
822 1305 962 1344 venenum

253 1372 383 1442 Hybrida
395 1388 451 1443 quo
463 1381 548 1442 pacto
561 1372 597 1426 sit
610 1372 722 1427 Persius
734 1371 817 1440 ultus,
830 1371 929 1442 opinor

253 1455 392 1510 Omnibus
405 1462 433 1508 et
445 1454 528 1525 lippis
541 1463 640 1509 notum
652 1463 680 1508 et
692 1454 852 1510 tonsoribus
864 1471 932 1510 esse.

252 1539 364 1594 Persius
376 1538 422 1593 hic
434 1555 590 1609 permagna
601 1536 715 1607 negotia
727 1537 806 1592 dives
818 1538 942 1593 habebat

252 1621 434 1690 Clazomenis,
447 1621 533 1676 etiam
546 1621 608 1675 lites
621 1637 686 1675 cum
700 1622 777 1690 Rege
790 1620 923 1675 molestas
934 1639 942 1686 ;

253 1706 347 1759 Durus
359 1704 453 1772 homo,
466 1712 550 1775 atque
563 1703 628 1758 odio
641 1703 689 1774 qui
701 1711 797 1773 posset
808 1703 920 1757 vincere
933 1704 1041 1773 Regem
1052 1723 1059 1767 ;

253 1787 412 1856 Confidens,
425 1786 604 1857 tumidusque
615 1805 622 1851 ;
641 1785 712 1840 adeo
725 1786 861 1841 sermonis
874 1785 971 1854 amari,

253 1870 395 1937 Sisennas,
409 1871 510 1924 Barros
523 1877 554 1923 ut
566 1868 645 1940 equis
657 1878 847 1939 praecurreret
859 1868 938 1923 albis.

251 1952 297 2006 Ad
311 1954 419 2022 Regem
430 1952 531 2006 redeo:
552 1960 703 2023 postquam
716 1951 786 2006 nihil
798 1951 870 2006 inter
883 1961 1031 2023 utrumque

255 2035 392 2089 Convenit
405 2034 469 2103 (hoc
483 2033 587 2088 etenim
599 2043 664 2089 sunt
677 2051 774 2089 omnes
784 2035 847 2105 jure
858 2035 977 2103 molesti,

255 2119 318 2186 Quo
330 2116 424 2184 fortes,
437 2117 538 2187 quibus
551 2117 701 2172 adversum
712 2119 817 2173 bellum
829 2118 934 2173 incidit.
973 2119 1049 2172 Inter

254 2201 380 2254 Hectora
392 2199 561 2267 Priamiden,
574 2199 733 2254 animosum
745 2209 829 2271 atque
842 2201 915 2255 inter
926 2200 1065 2255 Achillem

254 2283 301 2336 Ira
312 2280 363 2336 fuit
375 2280 513 2351 capitalis,
525 2290 556 2335 ut
568 2281 667 2335 ultima
678 2281 814 2337 divideret
826 2299 902 2337 mors
914 2302 920 2337 :

256 2366 322 2420 Non
335 2364 420 2418 aliam
432 2364 469 2418 ob
482 2376 605 2432 causam,
618 2364 672 2417 nisi
685 2364 761 2434 quod
773 2364 860 2418 virtus
873 2365 902 2418 in
916 2374 1032 2435 utroque

254 2449 372 2502 Summa
384 2446 443 2502 fuit.
482 2448 547 2501 Duo
560 2447 584 2500 si
596 2446 736 2501 discordia
748 2455 828 2501 vexet
841 2447 942 2501 inertes
949 2466 961 2512 .;

254 2533 311 2586 Aut
323 2531 347 2585 si
359 2530 518 2601 disparibus
531 2529 636 2584 bellum
649 2529 762 2598 incidat,
775 2539 805 2584 ut
820 2529 952 2584 Diomedi

256 2615 327 2669 Cum
341 2614 426 2683 Lycio
440 2614 556 2682 Glauco,
569 2613 697 2668 discedat
708 2612 821 2683 pigrior,
834 2613 906 2667 ultro

256 2697 421 2752 Muneribus
433 2695 538 2765 missis)
552 2697 639 2751 Bruto
652 2705 780 2766 praetore
792 2705 904 2750 tenente

256 2780 352 2834 Ditem
363 2778 470 2848 Asiam,
484 2779 579 2848 Rupili
592 2774 623 2833 et'
633 2779 711 2834 Persi
723 2796 775 2850 par
786 2788 901 2849 pugnat,
914 2779 955 2833 uti
967 2795 1024 2834 non

255 2861 451 2932 Compositum
462 2861 562 2916 melius
575 2878 640 2915 cum
653 2861 738 2915 Bitho
752 2861 890 2916 Bacchius
902 2879 909 2926 ;
928 2861 957 2915 in
966 2861 1013 2930 jus
1080 2853 1082 2858 ’

254 2947 341 3000 Acres
354 2953 528 3015 procurrunt,
540 2961 676 3014 magnum
688 2944 878 3015 spectaculum
890 2953 1014 3015 uterque.

255 3027 366 3083 Persius
379 3027 493 3098 exponit
505 3043 629 3094 causam,
641 3027 747 3081 ridetur
759 3027 795 3081 ab
808 3026 886 3081 onmi

256 3112 420 3175 Conventu;
439 3109 536 3164 laudat
550 3111 675 3176 Brutum,
687 3108 839 3178 laudatque
852 3109 1015 3175 cohortem;

255 3194 350 3249 Solem
361 3192 447 3247 Asiae
460 3193 579 3246 Brutum
591 3191 714 3262 appellat
725 3210 732 3256 ;
751 3191 902 3262 stellasque
914 3191 1048 3259 salubres,

254 3278 385 3348 Appellat
398 3276 524 3343 comites,
537 3283 653 3346 excepto
667 3275 763 3344 Rege;
782 3291 882 3328 canem
894 3274 980 3344 illum,

257 3360 382 3415 Invisum
394 3358 525 3428 agricolis
538 3357 623 3426 sidus,
635 3356 753 3411 venisse.
792 3357 904 3411 Ruebat

256 3443 375 3497 Flumen
386 3451 417 3496 ut
429 3441 586 3509 hibernum,
598 3439 685 3496 fertur
697 3457 752 3512 quo
764 3457 827 3495 rara
839 3440 951 3496 securis.
1080 3475 1104 3512 2,
