2766 4162
396 431 489 473 LIBER
512 431 532 472 Ι.
577 431 707 473 CARMEN
730 431 821 474 XXIII.
997 438 1033 493 31

437 673 625 727 CARMEN
657 673 787 727 XXIII.

514 817 557 858 nn
577 817 710 859 eunoun.

326 928 434 993 'VITAs
446 939 578 993 hinnuleo
590 956 636 993 me
649 940 756 1007 similis,
770 941 866 1009 Chloe,

342 1022 492 1091 Quaerenti
504 1022 636 1091 pavidam
648 1023 790 1078 montibus
803 1025 872 1078 aviis

378 1108 508 1174 Matrem,
520 1123 578 1160 non
591 1106 651 1160 sine
663 1124 737 1161 vano

410 1191 549 1244 Aurarum
561 1199 589 1243 et
602 1190 689 1246 sildae
703 1199 787 1244 metu.

343 1312 419 1364 Nam
431 1328 480 1366 seu
492 1311 642 1366 mobilibus
655 1312 727 1366 veris
739 1313 874 1368 inhorruit

343 1395 486 1449 Adventus
499 1395 580 1462 foliis,
594 1413 642 1449 seu
655 1395 756 1450 virides
769 1397 870 1451 rubum

381 1477 531 1531 Dimovere
544 1479 672 1548 lacertae,

415 1561 452 1613 Et
465 1560 549 1614 corde
562 1569 590 1614 et
601 1560 719 1629 genibus
733 1562 833 1616 tremit.

342 1679 428 1750 Atqui
439 1697 496 1733 non
509 1696 561 1748 ego
574 1690 609 1747 te,
623 1680 702 1750 tigris
714 1690 744 1735 ut
757 1699 857 1752 aspera

346 1762 514 1816 Gaetulusve
526 1763 579 1829 leo,
592 1762 717 1832 frangere
730 1781 887 1836 persequor.

379 1845 508 1898 Tandem
520 1844 616 1899 desine
628 1855 747 1901 matrem

415 1927 595 1999 Tempestiva
608 1929 686 1999 sequi
697 1929 765 1983 viro.

452 2199 642 2254 CARMEN
671 2199 786 2254 XXIV.

498 2332 540 2373 AD
560 2332 737 2375 vmornruu.

313 2441 390 2507 QUIS
402 2438 540 2493 desiderio
553 2441 589 2494 sit
601 2441 691 2510 pudor
703 2450 751 2494 aut
762 2441 863 2495 modus

312 2522 385 2574 Tam
397 2522 454 2575 cari
467 2522 586 2592 capitis?
623 2523 756 2592 Praecipe
767 2523 897 2592 lugubres

313 2606 426 2672 Cantus,
441 2605 627 2674 Melpomene,
640 2605 685 2659 cui
697 2605 832 2676 liquidam
845 2615 923 2676 pater

346 2688 453 2741 Vocem
466 2704 530 2741 cum
542 2689 650 2742 cithara
662 2688 748 2743 dedit.

314 2823 389 2890 Ergo
403 2822 570 2892 Quintilium
581 2832 731 2893 perpetuus
744 2841 828 2893 sopor

314 2905 420 2973 Urget!
440 2905 484 2958 cui
499 2906 600 2973 Pudor,
613 2916 640 2960 et
652 2906 780 2975 Justitiae
793 2922 871 2960 soror

315 2989 478 3057 incorrupta
491 2988 583 3055 Fides,
596 2989 726 3059 nudaque
738 2988 848 3041 Veritas

350 3071 470 3140 Quando
482 3072 569 3125 ullum
582 3072 702 3126 inveniet
714 3073 829 3141 parem?

315 3203 412 3258 Multis
425 3205 470 3257 ille
481 3203 564 3258 bonis
576 3203 676 3257 flebilis
688 3203 790 3257 occidit
801 3222 809 3268 ;

314 3287 391 3340 Nulli
404 3286 520 3340 flebilior
532 3303 617 3357 quarn
629 3285 688 3352 tibi,
700 3284 806 3354 Virgili.

314 3370 358 3423 Tu
370 3369 473 3422 frustra
484 3370 555 3439 pius,
567 3369 622 3422 heu
634 3369 640 3421 l
660 3384 717 3422 non
730 3368 770 3424 ita
781 3369 917 3424 creditum

350 3452 446 3505 Poscis
461 3451 627 3522 Quintilium
640 3449 715 3505 deos.
