2804 4176
336 406 394 480 ²3⁶
571 418 703 462 uonnru
726 418 945 463 arrsromruu

375 547 474 602 Multis
487 547 596 602 occulto
609 547 709 602 crescit
720 564 764 602 res
777 547 879 603 fenore.
916 549 1022 602 Verum

376 632 447 686 Esto
460 631 522 684 aliis
534 631 604 685 alios
616 631 700 685 rebus
713 631 868 702 studiisque
880 631 968 686 teneri
979 650 986 695 ;

376 714 457 768 Idem
470 714 569 769 eadem
582 724 701 783 possunt
713 715 812 769 horam
825 714 926 768 durare
936 714 1109 784 probantes?

376 797 477 852 Nullus
490 797 519 851 in
532 799 598 852 orbe
612 797 689 852 sinus
702 797 779 852 Baiis
791 798 934 868 praelucet
947 796 1080 864 amoeniS,

376 881 407 935 Si
420 880 490 934 dixit
502 880 590 949 dives,
602 881 680 935 lacus
693 889 721 935 et
733 897 811 935 mare
824 880 908 934 sentit
921 896 1047 936 amorem

376 963 547 1018 Festinantis
559 964 638 1028 heri;
657 963 702 1018 cui
715 963 738 1018 si
751 963 854 1017 vitiosa
865 963 953 1017 libido

376 1047 485 1102 Fecerit
497 1046 662 1116 auspicium,
675 1064 737 1101 oras
749 1045 918 1101 ferramenta
929 1046 1059 1100 Teanum

375 1129 500 1197 Tolletis,
512 1129 592 1184 fabri.
631 1131 732 1184 Lectus
744 1129 862 1198 genialis
875 1128 904 1182 in
917 1128 981 1182 aula
993 1136 1052 1182 est:

376 1212 426 1266 Nil
439 1213 478 1267 ait
490 1229 552 1266 esse
563 1211 649 1282 prius,
662 1212 761 1266 melius
774 1212 814 1265 nil
826 1211 934 1266 caelibe
945 1211 1004 1266 vita
1015 1230 1022 1274 ;

376 1295 407 1350 Si
419 1313 477 1350 non
490 1305 540 1363 est,
550 1295 625 1364 jurat
637 1295 709 1350 bene
723 1295 789 1349 solis
801 1311 862 1348 esse
874 1293 991 1348 maritis.

377 1379 440 1448 Quo
453 1387 565 1432 teneam
577 1378 668 1432 voltus
681 1386 838 1431 mutantem
852 1379 953 1431 Protea
964 1376 1060 1430 nodo?

377 1461 453 1530 Quid
465 1461 591 1531 pauper?
629 1460 717 1514 Ride:
738 1469 829 1514 mutat
842 1460 1002 1526 coenacula,
1014 1461 1110 1525 lectos,

376 1545 492 1612 Balnea,
504 1553 631 1599 tonsores
643 1562 650 1608 ;
669 1542 809 1598 conducto
822 1543 935 1612 navigio
947 1559 1036 1612 aeque

377 1628 505 1681 Nauseat
517 1644 551 1682 ac
563 1627 696 1696 locupleS,
709 1643 793 1696 quern
806 1626 883 1681 ducit
894 1626 976 1695 priva
987 1625 1115 1682 triremis.

377 1708 407 1762 Si
420 1717 531 1763 curatus
545 1708 684 1778 inaequali
697 1716 809 1762 tonsore
821 1708 938 1777 capillos

377 1791 502 1859 Occurri,
514 1791 589 1846 rides
600 1811 607 1856 ;
627 1791 650 1844 si
663 1790 733 1846 sorte
746 1792 882 1845 subucula
893 1806 981 1860 pexae

376 1874 455 1927 Trita
469 1875 565 1928 subest
577 1873 697 1940 tunicae,
709 1874 754 1927 vel
767 1873 791 1926 si
803 1882 870 1942 toga
882 1873 1000 1927 dissidet
1012 1872 1110 1942 impar,

378 1956 473 2010 Rides.
512 1956 596 2026 Quid,
608 1973 672 2010 mea
684 1973 749 2009 cum
760 1966 868 2025 pugnat
881 1957 1020 2011 sententia
1033 1973 1146 2020 secum3

379 2039 462 2108 Quod
475 2039 563 2108 petiit,
577 2039 682 2109 spernit
693 2059 700 2104 ;
719 2039 819 2109 repetit
832 2039 907 2109 quod
920 2056 1009 2108 nuper
1021 2039 1116 2105 omisit
1127 2059 1133 2103 ;

377 2122 503 2190 Aestuat,
516 2131 545 2176 et
556 2123 630 2176 vitae
642 2122 818 2176 disconvenit
831 2122 928 2176 ordine
941 2132 1001 2177 toto
1014 2142 1021 2187 ;

379 2204 481 2273 Diruit,
494 2205 632 2273 aedificat,
644 2215 735 2261 mutat
748 2206 885 2276 quadrata
896 2205 1044 2260 rotundis?

379 2288 505 2343 Insanire
516 2297 600 2358 putas
613 2290 760 2344 sollemnia
771 2305 824 2357 me,
838 2305 928 2359 neque
940 2289 1023 2356 rides,

378 2373 405 2424 N
408 2388 440 2426 ec
452 2372 555 2426 medici
567 2372 666 2440 credis,
678 2389 730 2426 nec
743 2372 878 2426 curatoris
891 2389 972 2441 egere

377 2456 403 2508 A
415 2464 542 2524 praetore
554 2455 614 2510 dati
625 2475 632 2522 ;
650 2473 743 2510 rerum
756 2456 843 2510 tutela
855 2471 982 2509 mearum

379 2539 450 2592 Cum
463 2537 511 2606 sis,
524 2547 552 2592 et
563 2555 649 2607 prave
662 2547 769 2593 sectum
782 2537 966 2592 stomacheris
978 2537 1016 2592 ob
1028 2553 1151 2607 unguem

378 2623 423 2674 De
436 2629 463 2676 te
475 2621 632 2690 pendentis,
645 2628 673 2675 te
685 2620 859 2690 respicientis
872 2621 963 2675 amici.

377 2703 424 2757 Ad
436 2721 594 2759 summam:
615 2704 728 2773 sapiens
741 2720 797 2758 uno
809 2703 901 2757 minor
913 2713 956 2758 est
967 2705 1045 2772 Jove,
1057 2703 1144 2771 dives,

380 2787 471 2856 Liber,
484 2789 645 2855 honoratus,
657 2787 781 2857 pulcher,
794 2803 842 2842 rex
854 2787 975 2857 denique
987 2804 1085 2856 regum
1096 2807 1103 2852 ;

379 2871 532 2941 Praecipue
544 2887 638 2939 sanus,
651 2870 707 2926 nisi
720 2887 785 2925 cum
797 2870 899 2940 pituita
910 2871 1030 2926 molesta
1042 2879 1092 2926 est.
1174 2881 1210 2921 108

614 3093 837 3148 EPISTOLA
868 3093 911 3146 ΙΙ.

658 3241 701 3282 Ao
721 3238 869 3284 nonarum

378 3360 518 3427 TROJAM
530 3359 597 3414 belli
609 3361 781 3431 scriptorem,
794 3361 915 3416 maxime
929 3361 1008 3430 Lolli,

381 3444 458 3496 Dum
470 3450 501 3496 tu
513 3442 656 3498 declamas
669 3444 786 3512 Romae,
799 3445 950 3500 Praeneste
960 3444 1064 3514 relegi:

1199 3491 1211 3517 2
