2792 4168
491 469 591 514 umen.
637 470 768 519 cauum
791 471 817 514 v.
1019 472 1076 528 149

349 600 402 654 Per
414 598 515 654 liberos
529 607 565 666 te,
578 598 602 652 si
614 607 715 653 vocata
725 599 861 668 partubus

385 681 490 736 Lucina
502 681 574 734 veris
587 681 674 749 affuit,

349 765 402 819 Per
415 763 469 817 hoc
483 763 566 817 inane
577 780 716 833 purpurae
728 763 813 819 decus
825 781 930 834 precor,

386 847 439 900 Per
451 846 672 915 improbaturum
683 847 753 901 haec
765 847 872 916 Jovem,

351 928 427 998 Quid
440 937 470 983 ut
482 945 603 983 noverca
614 945 659 983 me
672 929 787 984 intueris
799 938 848 985 aut
860 930 901 986 uti

387 1010 479 1065 Petita
490 1010 561 1065 ferro
573 1011 677 1066 belua?

352 1095 393 1149 Ut
404 1095 475 1149 haec
487 1095 617 1150 trementi
629 1103 744 1165 questus
756 1111 804 1150 ore
816 1095 941 1150 constitit

389 1177 550 1246 Insignibus
562 1177 649 1246 raptis
662 1194 740 1247 puer,

353 1261 472 1330 Impube
484 1276 593 1329 corpus,
606 1261 688 1331 quale
700 1269 796 1330 posset
808 1260 896 1331 impia

389 1342 499 1397 Mollire
511 1342 654 1398 Thracum
667 1351 789 1413 pectora,

355 1425 473 1480 Canidia
484 1425 615 1480 brevibus
629 1425 772 1495 implicata
783 1425 886 1496 viperis

390 1509 487 1564 Crines
500 1517 528 1563 et
540 1509 715 1579 incomptum
727 1507 820 1579 c'aput,

352 1592 435 1661 Jubet
448 1591 601 1661 sepulchris
614 1591 760 1661 caprificos
772 1599 873 1654 erutas,

387 1674 471 1743 Jubet
483 1690 630 1744 cupressus
642 1673 781 1741 funebres,

355 1758 394 1812 Et
406 1765 492 1812 uncta
503 1756 591 1826 turpis
604 1774 659 1811 ova
669 1773 755 1820 ranae
768 1757 912 1826 sanguine,

390 1841 573 1912 Plumamque
584 1850 737 1895 nocturnae
750 1840 851 1910 strigis,

355 1923 531 1994 Herbasque,
543 1940 614 1994 quas
628 1923 721 1978 Iolcus
733 1931 817 1995 atque
831 1922 949 1978 Hiberia

391 2006 481 2061 Mittit
492 2023 663 2061 venenorum
675 2005 759 2076 ferax,

357 2090 394 2144 Et
407 2106 472 2144 ossa
484 2090 520 2145 ab
533 2106 581 2145 ore
593 2100 675 2160 rapta
683 2091 797 2160 jejunae
809 2090 896 2157 canis,

393 2171 529 2226 Flammis
541 2171 621 2226 aduri
635 2173 783 2228 Colchicis.

357 2256 395 2309 At
407 2254 537 2324 expedita
549 2255 663 2324 Sagana
674 2271 724 2324 per
735 2264 824 2309 totam
836 2254 952 2310 domum

394 2337 534 2407 Spargens
546 2338 699 2391 Avernales
711 2354 808 2408 aquas,

360 2421 464 2474 Horret
476 2420 584 2490 capillis
596 2428 627 2475 ut
639 2419 764 2474 marinus
776 2420 882 2490 asperis

394 2504 519 2559 Echinus
532 2513 580 2558 aut
592 2520 706 2558 currens
718 2520 792 2574 aper.

358 2588 469 2643 Abacta
480 2588 557 2643 nulla
568 2587 640 2642 Veia
651 2587 832 2654 conscientia,

395 2671 548 2740 Ligonibus
561 2669 637 2726 duris
649 2670 767 2726 humum

362 2755 563 2824 Exhauriebat,
576 2755 721 2824 ingemens
733 2754 877 2810 laboribus
887 2773 895 2818 ;

396 2842 459 2910 Quo
471 2849 567 2910 posset
579 2839 700 2894 infossus
711 2853 782 2908 puer

362 2926 460 2993 Longo
472 2923 518 2980 die
529 2921 573 2978 bis
586 2931 682 2993 terque
694 2930 819 2980 mutatae
831 2921 912 2991 dapis

397 3005 518 3060 lnemori
531 3005 690 3075 spectaculo
701 3023 710 3070 ;

362 3092 434 3146 Cum
445 3088 615 3159 promineret
627 3104 682 3156 ore,
695 3095 832 3159 quantum
844 3095 953 3146 exstant
965 3103 1039 3158 aqua

397 3173 541 3242 Suspensa
552 3179 648 3225 mento
661 3187 794 3240 corpora:

363 3257 487 3312 Exsucta
499 3254 539 3309 uti
551 3252 681 3321 medulla,
694 3261 722 3308 et
734 3252 844 3308 aridum
853 3253 932 3324 jecur

396 3337 509 3393 Amoris
520 3347 595 3392 esset
603 3337 738 3407 poculum
748 3356 756 3402 ;

364 3421 548 3480 Interminato
561 3437 625 3475 cum
638 3421 725 3476 semel
737 3420 808 3476 fixae
820 3421 884 3476 cibo
973 3471 977 3479 .

399 3504 590 3561 lntabuissent
601 3504 729 3575 pupulae.
