2766 4162
418 428 511 470 LIBER
534 430 554 470 1.
598 429 729 471 CARMEN
752 429 814 472 XVI.
1003 431 1038 486 23

469 748 658 802 CARMEN
684 748 769 800 XVI.

518 871 707 934 'patrimum

301 1012 325 1066 Ο
339 1024 448 1066 MATRE
460 1013 576 1082 pulchra
588 1012 646 1065 filia
657 1011 805 1082 pulchrior,

299 1097 390 1165 Quem
402 1096 559 1150 criminosis
572 1112 682 1166 cunque
694 1095 770 1148 voles
783 1094 898 1149 modum

337 1181 428 1233 Pones
440 1180 543 1233 'iambis
557 1199 564 1244 ;
583 1180 642 1233 sive
655 1178 770 1232 flamma

370 1263 435 1316 Sive
447 1262 519 1318 mari
530 1262 599 1316 libet
613 1261 767 1316 Hadriano.

302 1382 367 1434 Non
381 1382 568 1450 Dindymene,
580 1398 638 1434 non
651 1380 743 1450 adytis
755 1381 845 1451 quatit

300 1466 426 1518 Mentem
439 1464 617 1519 sacerdotum
629 1465 723 1519 incola
736 1464 861 1534 Pythius,

336 1549 402 1601 Non
416 1549 499 1602 Liber
511 1565 608 1618 aeque,
621 1564 678 1602 non
691 1557 774 1601 acuta

370 1631 416 1685 Sic
429 1631 574 1700 geminant
590 1632 764 1699 Corybantes
778 1647 851 1698 aera,

298 1750 405 1804 Tristes
418 1761 449 1805 ut
460 1751 518 1804 irae
532 1771 539 1816 3
558 1767 628 1821 quas
640 1767 731 1820 neque
745 1751 867 1804 Noricus

300 1835 429 1887 Deterret
442 1833 526 1901 ensis,
539 1850 591 1886 nec
605 1849 682 1886 mare
695 1832 869 1903 naufragum,

335 1917 362 1968 N
365 1933 397 1970 ec
410 1933 509 1970 saevus
523 1917 604 1985 ignis,
617 1932 669 1969 nec
682 1916 827 1969 tremendo

369 1999 496 2068 Juppiter
509 1998 569 2068 ipse
581 2015 664 2053 ruens
677 1995 805 2053 tumultu.

301 2120 398 2174 Fertur
412 2120 594 2174 Prometheus
606 2119 711 2191 addere
723 2120 842 2190 principi

302 2202 380 2257 Limo
393 2213 507 2257 coactus
520 2203 687 2273 particulam
700 2204 824 2274 undique

310 2285 313 2291 ‘
337 2287 497 2352 Desectam,
510 2296 537 2340 et
550 2286 643 2340 insani
655 2287 745 2340 leonis

370 2369 436 2422 Vim
450 2369 596 2423 stomacho
609 2368 773 2438 apposuisse
785 2377 889 2424 nostro.

302 2489 363 2542 Irae
376 2490 521 2558 Thyesten
533 2489 618 2544 exitio
631 2488 709 2558 gravi

303 2573 439 2640 Stravere,
452 2582 480 2627 et
492 2573 556 2627 altis
569 2573 686 2628 urbibus
700 2571 815 2626 ultimae

338 2655 445 2709 Stetere
458 2672 568 2724 causae,
582 2673 631 2710 cur
641 2654 766 2724 perirent

372 2738 519 2806 Funditus
532 2739 758 2809 imprimeretque
771 2737 857 2791 muris

303 2855 414 2909 Hostile
425 2864 548 2909 aratrum
562 2857 698 2913 exercitus
712 2856 844 2910 insolens.

304 2938 458 3007 Compesce
471 2943 604 2992 mentem:
641 2941 690 2993 Me
703 2955 813 3010 quoque
826 2938 947 3008 pectoris

337 3020 468 3074 Tentavit
482 3021 510 3074 in
523 3020 598 3076 dulci
608 3022 725 3090 juventa

374 3104 486 3170 Fervor,
499 3104 568 3156 etin
581 3105 685 3157 celeres
697 3103 807 3157 iambos

303 3227 382 3281 Misit
394 3225 547 3282 furentem:
568 3244 643 3281 nunc
656 3245 709 3296 ego
721 3226 836 3282 mitibus

305 3312 414 3365 Mutare
427 3329 530 3382 quaero
543 3310 634 3365 tristia
645 3330 652 3375 ;
671 3311 739 3364 dum
751 3311 820 3365 mihi

339 3394 406 3447 Fias
418 3394 568 3448 recantatis
581 3394 674 3447 amica

377 3477 552 3548 Opprobriis‚
565 3477 747 3548 animumque
759 3476 870 3532 reddas,
