2804 4176
360 483 361 486 =
451 457 544 499 LIBER
568 459 586 500 1.
633 456 782 500 EPISTOLA
804 458 834 500 X.
1006 459 1065 516 249

239 585 444 655 Ponendaeque
457 585 542 640 domo
555 586 715 656 quaerenda
727 595 770 640 est
782 603 848 639 area
859 582 989 655 primum,

240 667 388 722 Novistine
400 669 494 722 locum
505 668 644 738 potiorem
656 685 719 722 rure
731 669 835 722 beato?

238 752 291 804 Est
303 751 352 805 ubi
365 752 427 821 plus
440 760 554 821 tepeant
566 751 692 804 hiemes?
711 751 759 804 ubi
772 751 877 819 gratior
889 768 957 804 aura

240 834 338 888 Leniat
350 843 378 888 et
390 834 497 888 rabiem
511 833 605 901 Canis,
619 843 646 887 et
659 844 803 888 momenta
817 834 927 896 Leonis,

240 919 311 970 Cum
324 918 411 972 semel
423 917 532 986 accepit
545 917 640 970 Solem
652 915 818 970 furibundus
832 918 964 970 acutum?

239 1002 292 1053 Est
305 1000 352 1054 ubi
366 1000 479 1054 divellat
492 1016 606 1053 somnos
618 999 712 1053 minus
725 999 821 1053 invida
834 1000 919 1054 cura?

240 1082 370 1136 Deterius
385 1081 497 1152 Libycis
511 1083 567 1136 olet
579 1091 627 1135 aut
640 1082 709 1136 nitet
721 1082 810 1136 herba
822 1082 942 1152 lapillis?

240 1166 338 1219 Purior
350 1165 379 1218 in
391 1165 460 1219 vicis
473 1182 548 1236 aqua
560 1165 649 1219 tendit
662 1182 790 1234 rumpere
802 1166 958 1234 plumbum,

240 1249 334 1318 Quam
347 1265 418 1319 quae
431 1265 481 1318 per
492 1265 612 1318 pronum
626 1247 747 1316 trepidat
759 1265 824 1301 cum
837 1265 978 1302 murmure
990 1249 1099 1302 rivum?

240 1332 351 1400 Nempe
364 1331 436 1385 inter
447 1331 539 1385 varias
551 1329 671 1385 nutritur
683 1331 755 1384 silva
766 1331 919 1398 columnas,

239 1415 435 1485 Laudaturque
448 1415 548 1469 domus
561 1415 660 1482 longos
673 1430 745 1483 quae
757 1413 891 1483 prospicit
903 1431 993 1484 agros.

240 1499 379 1551 Naturam
392 1499 513 1568 expellas
527 1497 612 1564 furca,
625 1506 720 1551 tamen
732 1515 820 1568 usque
833 1507 963 1565 recurret,

239 1582 277 1634 Et
290 1582 365 1635 mala
376 1591 537 1652 perrumpet
550 1581 645 1635 furtim
657 1581 771 1635 fastidia
782 1581 889 1635 victrix.

240 1667 315 1734 Non,
328 1667 376 1737 qui
390 1667 507 1722 Sidonio
519 1666 688 1720 contendere
701 1666 818 1720 callidus
831 1675 908 1720 ostro

222 1775 225 1779 ’
240 1749 340 1804 Nescit
351 1749 523 1820 Aquinatem
535 1749 663 1819 potantia
675 1750 778 1803 vellera
790 1749 893 1816 fucum,

168 1881 172 1902 ,
240 1833 349 1887 Certius
362 1833 481 1902 accipiet
494 1833 638 1899 damnum,
650 1833 800 1902 propiusve
813 1833 951 1899 medulliS,

239 1917 332 1986 Quam
344 1916 392 1986 qui
404 1932 462 1969 non
474 1915 577 1986 poterit
589 1931 655 1969 vero
668 1915 839 1984 distinguere
852 1915 960 1970 falsum.

240 1999 331 2067 Quem
343 2015 388 2051 res
400 1999 463 2067 plus
475 1998 563 2052 nimio
576 1998 750 2053 delectavere
762 1999 911 2066 secundae,

240 2083 368 2135 Mutatae
380 2081 524 2151 quatient:
545 2082 568 2136 si
582 2082 649 2152 quid
662 2082 807 2149 mirabere,
820 2099 908 2152 pones

242 2163 367 2218 Invitus:
386 2163 451 2232 suge
463 2181 584 2233 magna:
605 2165 670 2218 licet
683 2165 735 2218 sub
748 2181 871 2234 paupere
883 2175 958 2220 tecto

241 2249 334 2315 Reges
347 2255 375 2300 et
387 2263 483 2316 regum
496 2247 555 2300 vita
566 2263 744 2316 praecurrere
757 2248 872 2300 amicos.

242 2332 346 2383 Cervus
359 2347 462 2400 equum
474 2346 570 2399 pugna
582 2329 680 2383 melior
692 2330 888 2386 communibus
901 2331 995 2384 herbis

241 2413 374 2479 Pellebat,
388 2412 477 2467 donec
490 2412 583 2466 minor
595 2412 624 2465 in
637 2413 790 2466 certamine
801 2413 886 2481 longo

242 2495 405 2564 Imploravit
418 2511 485 2564 opes
497 2495 630 2562 hominis,
642 2494 807 2566 frenumque
819 2495 924 2564 recepit
936 2515 942 2550 :

240 2578 297 2633 Sed
309 2587 461 2648 postquam
472 2577 561 2632 victor
573 2577 679 2632 violens
692 2577 821 2632 discessit
833 2578 870 2631 ab
882 2579 972 2644 hoste,

241 2662 307 2714 Non
320 2660 442 2731 equitem
455 2660 547 2728 dorso,
559 2677 617 2715 non
630 2660 739 2714 frenum
751 2660 858 2730 depulit
871 2677 925 2736 ore.

241 2745 287 2797 Sic
300 2744 347 2814 qui
360 2744 523 2814 pauperiem
535 2744 648 2812 veritus,
661 2744 768 2814 potiore
781 2743 902 2798 metallis

241 2827 381 2881 Libertate
394 2836 478 2894 caret,
491 2827 637 2882 dominum
649 2828 726 2881 vehit
739 2827 891 2897 improbus,
904 2836 988 2898 atque

242 2910 348 2965 Serviet
361 2919 505 2965 aeternum
516 2931 523 2976 ;
543 2911 611 2982 quia
622 2928 709 2980 parvo
722 2911 827 2965 nesciet
840 2910 887 2964 uti.

242 2993 294 3047 Cui
306 3010 364 3047 non
377 2994 524 3048 conveniet
537 3011 588 3048 sua
600 3012 653 3062 res,
666 3004 697 3048 ut
709 2995 819 3048 calceus
832 2993 908 3060 olim,

242 3076 272 3129 Si
285 3076 356 3146 pede
368 3075 459 3145 major
471 3077 531 3144 erit,
545 3077 687 3131 subvertet
698 3096 704 3142 ;
725 3077 748 3130 si
761 3077 861 3144 minor,
875 3087 942 3134 uret.

241 3162 343 3214 Laetus
356 3168 430 3213 sorte
442 3169 491 3213 tua
502 3160 579 3213 vives
592 3160 740 3229 sapienter,
753 3159 857 3222 Aristi3

241 3244 302 3297 Nec
315 3259 360 3296 me
373 3242 496 3296 dimittes
509 3242 715 3312 incastigatum,
729 3243 777 3296 ubi
788 3243 869 3312 plura

241 3328 347 3396 Cogere
360 3343 445 3396 quam
458 3325 526 3379 satis
540 3334 590 3393 est,
603 3342 636 3379 ac
649 3342 706 3378 non
719 3342 828 3379 cessare
841 3325 965 3380 videbor.

241 3411 365 3479 Imperat
378 3418 426 3463 aut
439 3408 522 3464 servit
535 3410 653 3463 collecta
664 3409 783 3478 pecunia
795 3408 903 3479 cuique,

240 3493 359 3546 Tortum
371 3492 458 3563 digna
471 3492 548 3563 sequi
561 3492 654 3562 potius
667 3509 752 3563 quam
765 3492 866 3548 ducere
879 3493 980 3548 sunem.
1040 3515 1064 3563 48
