2804 4176
463 510 556 553 LIBER
579 511 599 553 I.
644 511 755 554 SATIRA
777 510 817 553 tv.

218 639 327 693 Idcirco
341 639 463 710 quidam,
477 639 623 703 comoedia
636 655 724 708 necne
736 645 838 708 poema

216 724 308 790 Esset,
321 722 485 794 quaesivere
497 741 503 786 ;
523 721 598 792 quod
610 738 678 792 acer¹
688 722 800 791 spiritus
813 740 846 783 ac
859 723 901 778 vis

219 807 281 859 Nec
294 805 386 858 verbis
398 821 450 858 nec
463 806 546 858 rebus
559 805 631 868 inest
642 823 649 870 ;
667 805 721 857 nisi
734 805 809 875 quod
822 806 893 874 pede
907 816 983 862 certo

219 888 321 942 Differt
335 887 456 941 sermoni
468 903 560 941 sermo
572 903 673 940 merus
708 890 747 941 At
759 897 839 957 pater
852 889 953 942 ardens

217 971 320 1038 Saevit,
333 971 409 1041 quod
421 970 565 1024 meretrice
578 987 673 1038 nepos
679 970 795 1025 insanus
808 971 900 1046 amica

217 1054 313 1121 Filius,
327 1070 440 1107 uxorem
453 1053 552 1122 grandi
566 1069 630 1107 cum
643 1053 708 1107 dote
718 1063 836 1122 recuset,

218 1136 321 1190 Ebrius
334 1146 361 1190 et
375 1136 520 1222 (magnum
533 1136 608 1206 quod
621 1135 753 1214 dedecus)
767 1137 891 1190 ambulet
904 1146 969 1191 ante

218 1221 293 1272 Noct
283 1229 339 1272 tem
353 1236 417 1272 curn
430 1218 544 1287 facibus.
584 1202 729 1288 Numquid
744 1219 935 1288 Pomponius
928 1218 992 1273 istis

217 1301 335 1356 Audiret
347 1301 465 1368 leviora,
472 1310 569 1370 pater
564 1318 587 1354 si
580 1300 728 1355 viveret?
759 1291 857 1370 Ergo

218 1387 285 1438 Non
299 1377 368 1438 satis
382 1393 424 1438 est
436 1385 512 1453 puris
525 1385 637 1450 versum
649 1383 820 1453 perscribere
833 1384 944 1458 verbis,

219 1470 309 1537 Quem
322 1485 345 1521 st
339 1467 504 1534 dissolvas,
517 1467 607 1537 quivis
621 1467 811 1539 stomachetur
824 1467 924 1541 eodem

218 1551 281 1620 Quo
294 1544 458 1632 personatus
471 1559 554 1618 pacto
566 1558 653 1618 pater.
692 1549 755 1617 His,
768 1566 820 1618 ego
834 1567 906 1633 quae
918 1567 1003 1618 nunc,

218 1633 293 1686 Olim
306 1649 377 1703 quae
391 1631 503 1701 scripsit
517 1632 646 1699 Lucilius,
661 1631 761 1708 eripias
775 1632 814 1686 si

216 1716 356 1785 Tempora
364 1714 608 1786 certamodosque,
617 1724 644 1768 et
653 1714 728 1785 quod
736 1731 811 1783 prius
821 1714 917 1769 ordine
926 1716 1042 1769 verbum
1051 1725 1101 1782 est,

193 1817 196 1824 ·
218 1797 359 1852 Posterius
372 1797 467 1865 facias,
480 1814 655 1867 praeponens
667 1797 766 1862 ultima
778 1797 875 1866 primis
889 1817 896 1862 ;

217 1883 291 1948 Non,
305 1891 335 1956 ut
348 1898 371 1934 s1
364 1881 486 1948 solvas,
499 1881 515 1909 “
526 1875 679 1954 Postqpam
695 1879 844 1948 Discordia
856 1888 928 1958 tqtra

217 1964 287 2016 Belli
299 1944 416 2017 serratos
429 1972 532 2032 postes,
545 1973 704 2050 portasque
708 1962 836 2032 refregit:
831 1963 858 1993 ·”

218 2041 389 2100 Inv'eniast
362 2056 389 2100 et
391 2045 447 2098 iarn
461 2043 570 2119 disjecti
583 2021 711 2103 membra
722 2051 830 2115 poetae.

218 2130 363 2182 Hactenus
376 2128 464 2182 haec:
485 2128 583 2195 aliaS,
572 2137 680 2197 Justum
693 2129 728 2182 sit
742 2145 830 2182 necne
842 2129 952 2198 poe'ma,
1005 2162 1008 2169 -

220 2213 304 2264 Nunc
317 2211 385 2273 illud
398 2220 508 2264 tantum
520 2227 661 2281 quaeram,
675 2211 811 2265 meritone
824 2211 875 2265 tibi
889 2211 924 2280 sit

218 2295 385 2362 Suspectum
397 2310 485 2362 genus
498 2293 552 2347 hoc
565 2293 713 2347 scribendi.
751 2295 861 2348 Sulcius
872 2303 940 2348 'acer

217 2377 351 2430 Ambulat
364 2385 391 2429 et
406 2376 531 2444 Caprius,
544 2375 621 2429 rauci
633 2376 715 2442 male,
729 2393 848 2446 cumque
861 2371 971 2443 libellis,
985 2407 990 2418 ι

219 2461 341 2528 Magnus
355 2467 470 2528 uterque
483 2458 566 2512 timor
578 2457 749 2512 latronibus:
770 2467 800 2511 at
812 2460 883 2512 bene
896 2459 920 2512 si
933 2459 994 2530 quis

218 2543 256 2595 Et
268 2542 343 2594 vivat
353 2531 431 2610 buris
445 2535 584 2606 manibus,
597 2549 758 2593 contemnat
771 2550 925 2611 utrumque.

219 2625 261 2678 Ut
273 2623 312 2677 sis
324 2633 354 2677 tu
368 2623 466 2676 similis
480 2623 556 2676 Caeli
570 2622 704 2693 Birrique,
717 2622 864 2690 latronum,

219 2699 285 2760 Non
298 2723 350 2774 ego
363 2722 425 2759 sum
440 2691 539 2774 Capri,
544 2721 652 2774 neque
648 2704 742 2771 Sulci,
762 2722 810 2758 cur
822 2715 930 2759 metuas
943 2708 1008 2761 me?

220 2790 306 2843 Nulla
318 2785 435 2842 taberna
447 2804 525 2842 meos
538 2779 642 2846 habeat
654 2803 745 2857 neque
757 2789 814 2857 pila
826 2788 942 2856 libellos,

220 2871 289 2941 Quis
302 2887 401 2926 manus
414 2869 525 2925 insudet
537 2869 611 2938 volgi
625 2870 866 2941 Hermogenisque
879 2871 978 2940 Tigelli
991 2891 997 2936 ;

220 2956 281 3008 Nec
294 2954 379 3007 recito
392 2953 531 3023 cuiquam,
543 2953 598 3006 nisi
611 2953 718 3020 amicis,
732 2953 815 3023 idque
828 2963 950 3022 coactus,

220 3039 286 3091 Non
299 3036 390 3090 ubivis
403 3053 532 3090 coramve
545 3034 725 3106 quibuslibet.
764 3037 797 3088 In
810 3036 902 3090 medio
915 3037 962 3107 qui

220 3121 331 3190 Scripta
342 3118 402 3173 foro
415 3119 540 3185 recitent,
553 3127 618 3172 sunt
630 3119 718 3185 multi,
732 3118 833 3189 quique
846 3120 987 3174 lavantes:

219 3205 311 3258 Suave
323 3204 400 3257 locus
413 3201 475 3255 voci
488 3211 600 3255 resonat
612 3201 766 3255 conclusus
805 3202 907 3256 lnanes

221 3287 285 3339 Hoc
295 3285 382 3354 juvat,
395 3284 470 3337 haud
483 3283 551 3337 illud
564 3292 736 3354 quaerentes,
749 3301 817 3337 num
830 3283 889 3337 sine
902 3301 992 3352 sensu,

219 3369 359 3437 Tempore
372 3385 439 3422 num
451 3366 555 3421 saciant
568 3366 666 3421 alieno.
706 3366 827 3420 Laedere
840 3366 953 3435 gaudes,

222 3451 324 3521 Inquit,
338 3459 365 3504 et
378 3450 431 3504 hoc
445 3450 537 3504 studio
549 3466 651 3518 pravus
664 3447 740 3504 sacis
780 3449 863 3503 Unde
875 3449 991 3524 petitum

126 3579 130 3588 .
222 3535 285 3588 Hoc
299 3534 328 3586 in
339 3551 385 3587 me
395 3533 487 3603 jacis?
506 3543 548 3587 est
560 3542 657 3588 auctor
669 3533 731 3604 quis
744 3533 863 3604 denique
875 3551 979 3602 eorum,
1042 3556 1067 3594 30
