2804 4176
329 437 389 494 186
582 451 713 494 uonnuu
736 453 918 496 santernum

325 581 456 650 Namque
469 589 537 646 esto,
550 581 669 649 populus
684 581 805 635 Laevino
817 582 913 634 mallet
925 580 1061 635 honorem

325 663 418 732 Quam
432 663 521 717 Decio
533 663 668 716 mandare
680 681 772 728 novo;
791 681 945 734 censorque
959 673 1083 718 moveret

322 745 439 814 Appius,
453 746 573 814 ingenuo
587 746 610 800 si
623 762 680 799 non
693 763 784 800 essem
796 756 875 815 patre
887 757 987 801 natus:

322 829 374 884 Vel
386 829 493 896 merito,
506 829 640 900 quoniam
652 829 681 882 in
694 829 806 898 propria
819 847 875 882 non
888 831 959 899 pelle
972 831 1120 901 quiessem.

324 911 381 966 Sed
393 911 515 981 fulgente
528 912 613 965 trahit
626 912 791 965 constrictos
807 913 905 966 Gloria
917 930 998 966 curru

324 996 390 1049 Non
402 995 495 1049 minus
508 995 619 1064 ignotos
631 995 781 1064 generosis.
821 996 884 1064 Quo
897 996 957 1063 tibi,
970 996 1045 1063 Tilli,

324 1079 439 1132 Sumere
451 1078 611 1147 depositum
623 1078 743 1144 clavum,
756 1076 869 1148 fierique
882 1078 1012 1132 tribuno?

324 1159 435 1213 Invidia
447 1159 575 1226 accrevit,
588 1159 697 1228 privato
711 1176 782 1229 quae
794 1159 886 1212 minor
898 1169 980 1213 esset.

323 1244 400 1296 Nam
413 1252 443 1297 ut
455 1242 572 1314 quisque
585 1241 700 1296 insanus
713 1242 800 1310 nigris
812 1242 936 1296 medium
949 1241 1076 1312 impediit
1089 1259 1152 1297 crus

324 1325 454 1393 Pellibus,
464 1335 492 1379 et
503 1326 592 1379 latum
604 1325 716 1378 demisit
728 1334 841 1394 pectore
854 1326 964 1378 clavum
975 1345 983 1389 3

321 1408 408 1463 Audit
418 1409 559 1475 continuo,
574 1408 643 1478 Quis
656 1409 742 1462 homo
754 1408 800 1461 hic
814 1409 876 1462 est?
895 1425 950 1480 quo
962 1418 1042 1478 patre
1054 1408 1157 1462 natus?

324 1492 365 1546 Ut
378 1491 401 1544 si
415 1491 462 1562 qui
475 1500 600 1560 aegrotet
613 1507 668 1560 quo
680 1491 780 1544 morbo
794 1491 906 1557 Barrus,
919 1491 1016 1544 haberi

324 1574 365 1628 Ut
378 1575 473 1643 cupiat
485 1573 632 1640 formosus,
645 1583 690 1627 eat
703 1590 877 1644 quacunque,
890 1574 989 1642 puellis

324 1656 435 1726 Injiciat
447 1673 543 1710 curam
556 1655 707 1727 quaerendi
720 1655 837 1724 singula,
851 1656 926 1726 quali

323 1739 366 1794 Sit
378 1739 457 1807 facie,
471 1756 543 1806 sura,
557 1738 631 1809 quali
645 1739 725 1807 pede,
738 1738 830 1805 dente,
844 1739 962 1808 capillo:

235 1829 240 1843 '
323 1822 370 1877 Sic
384 1822 431 1891 qui
444 1822 590 1891 promittit,
603 1821 687 1888 cives,
700 1821 798 1874 urbem
811 1822 864 1874 sibi
877 1838 969 1889 curae,

325 1904 476 1974 Imperium
489 1904 555 1971 sore,
569 1913 596 1957 et
610 1905 731 1971 ltaliam,
744 1904 860 1958 delubra
872 1904 988 1958 deorum
1001 1923 1007 1969 ;

323 1987 386 2056 Quo
398 1995 478 2056 patre
490 1987 527 2040 sit
539 1995 629 2052 natus,
643 2003 710 2039 num
725 1986 821 2055 ignota
833 1996 922 2040 matre
935 1986 1108 2054 inhonestuS,

323 2070 430 2124 Omnes
443 2069 574 2122 mortales
587 2085 683 2122 curare
697 2078 724 2122 et
737 2085 869 2138 quaerere
882 2069 964 2138 cogit.
1112 2058 1115 2070 ’

322 2152 402 2205 Tune
416 2151 487 2219 Syri,
502 2153 619 2217 Damae,
632 2160 680 2204 aut
695 2151 813 2219 Dionysi
826 2151 907 2219 filius,
920 2152 1007 2206 audes

323 2235 451 2304 Dejicere
464 2251 480 2288 e
492 2250 560 2287 saxo
573 2233 656 2300 cives,
670 2243 718 2287 aut
730 2233 840 2288 tradere
854 2233 982 2288 Cadmo?

321 2319 360 2372 At
375 2317 483 2371 Novius
497 2317 604 2385 collega
616 2316 705 2386 gradu
718 2325 782 2385 post
795 2333 841 2370 me
854 2316 932 2370 sedet
945 2335 1020 2382 uno;

324 2402 454 2471 Namque
463 2410 504 2454 est
513 2401 566 2467 ille,
575 2408 653 2469 pater
661 2400 737 2469 quod
745 2409 804 2454 erat
812 2417 899 2454 meus.
928 2401 991 2454 Hoc
999 2401 1050 2454 tibi
1059 2400 1173 2454 Paullus

323 2484 360 2536 Et
374 2483 499 2537 Messala
511 2482 631 2536 videris?
667 2484 706 2536 At
716 2482 771 2550 hic,
785 2483 808 2536 si
821 2483 927 2552 plostra
939 2484 1060 2537 ducenta

323 2568 551 2636 Concurrantque
565 2567 639 2619 Foro
651 2565 706 2618 tria
718 2564 823 2633 lunera,
836 2583 940 2634 magna
953 2567 1065 2621 sonabit

324 2651 435 2703 Cornua
447 2649 522 2719 quod
535 2648 683 2717 vincatque
697 2648 797 2702 tubas:
818 2649 917 2702 saltem
930 2657 1006 2702 tenet
1017 2649 1071 2703 hoc
1084 2665 1143 2702 nos.

324 2733 407 2785 Nunc
420 2731 514 2785 adme
528 2731 619 2798 redeo,
632 2730 763 2785 libertino
776 2740 855 2800 patre
868 2741 966 2786 natum
979 2740 998 2786 ε’

323 2816 416 2883 Quem
427 2814 530 2868 rodunt
543 2830 640 2867 omnes
653 2813 783 2867 libertino
796 2823 875 2882 patre
888 2824 1003 2868 natum:

324 2898 417 2965 Nunc,
430 2897 496 2967 quia
508 2914 571 2951 sum
583 2897 643 2965 tibi,
658 2899 818 2964 Maecenas,
831 2897 974 2951 convictor
985 2917 992 2963 3
1011 2907 1040 2951 at
1053 2897 1128 2964 olim,

323 2981 406 3050 Quod
418 2980 488 3034 mihi
500 2989 610 3049 pareret
622 2979 695 3048 legio
710 2981 839 3033 Romana
851 2980 971 3034 tribuno.

323 3063 466 3116 Dissimile
479 3063 533 3116 hoc
545 3063 585 3116 illi
597 3071 656 3116 est:
678 3063 744 3132 quia
756 3079 821 3130 non,
835 3072 865 3117 ut
877 3062 955 3117 sorsit
967 3063 1103 3117 honorem

320 3145 386 3213 Jure
398 3144 469 3197 mihi
482 3144 606 3199 invideat
618 3144 717 3214 quiviS,
731 3144 771 3198 ita
784 3154 811 3198 te
824 3162 936 3214 quoque
948 3145 1079 3212 amicum,

323 3226 490 3282 Praesertim
503 3237 616 3280 cautum
629 3227 729 3296 dignos
742 3244 894 3296 assumere,
906 3244 994 3297 prava

321 3310 483 3366 Ambitione
495 3311 599 3378 procul.
640 3310 762 3364 Felicem
775 3310 867 3363 dicere
880 3327 937 3364 non
949 3310 1003 3364 hoc

324 3395 372 3447 Me
385 3391 500 3462 possim,
513 3408 580 3445 casu
593 3392 669 3461 quod
681 3401 710 3446 te
723 3392 836 3446 sortitus
849 3393 988 3446 amicum:

325 3477 411 3531 Nulla
423 3474 526 3529 etenim
538 3473 608 3527 mihi
621 3482 649 3527 te
661 3473 717 3528 sors
731 3474 848 3530 obtulit:
869 3474 990 3544 optimus
1004 3475 1071 3530 olim
1125 3509 1150 3546 ⁵4
