2792 4168
403 397 496 440 ursan
519 397 564 439 111.
609 393 741 440 onumen
764 395 840 439 xvu.
1006 399 1044 454 99

302 527 391 580 Purae
403 525 478 580 rivus
491 542 580 597 aquae
593 525 716 596 silvaque
725 525 854 595 jugerum

303 610 459 664 Paucorum
472 619 499 664 et
512 609 613 679 segetis
626 619 702 664 certa
714 609 783 664 fides
795 626 874 664 meae

304 693 470 762 Fulgentem
482 693 598 762 imperio
610 692 707 747 sertilis
719 693 830 748 Africae

375 776 458 830 Fallit
471 787 544 831 sorte
556 777 671 830 beatior.

305 922 484 991 Quamquam
496 936 548 974 nec
562 920 698 974 Calabrae
711 921 795 974 mella
807 921 898 976 ferunt
913 938 989 991 apes,
1022 971 1023 976 ,

305 1005 366 1058 Nec
381 1003 582 1074 Laestrygonia
595 1003 723 1056 Bacchus
736 1003 765 1056 in
778 1005 914 1073 amphora

305 1087 473 1157 Languescit
485 1087 562 1154 mihi,
575 1102 626 1140 nec
639 1086 754 1156 pinguia
767 1087 882 1141 Gallicis

374 1172 510 1226 Crescunt
522 1171 624 1224 vellera
636 1169 748 1240 pascuis
760 1189 767 1234 ;

305 1318 470 1385 Importuna
482 1324 576 1370 tamen
588 1314 734 1384 pauperies
747 1315 827 1368 abest
839 1333 846 1380 ;

305 1400 375 1466 Nec,
389 1399 413 1452 si
424 1399 504 1468 plura
516 1397 607 1465 velim,
620 1407 651 1452 tu
663 1397 730 1452 dare
743 1398 872 1467 deneges

304 1481 455 1535 Contracto
468 1479 566 1534 melius
579 1497 666 1549 parva
678 1480 808 1551 cupidine

373 1563 529 1633 Vectigalia
541 1563 690 1634 porrigam,

306 1711 399 1779 Quam
411 1710 435 1764 si
450 1711 611 1780 Mygdoniis
623 1703 741 1781 regnum
752 1712 874 1780 Alyattei

305 1793 420 1863 Campis
433 1795 601 1850 continuem.
640 1795 732 1850 Multa
743 1795 902 1864 petentibus

306 1877 415 1930 Desunt
427 1877 522 1931 multa
561 1879 638 1932 Bene
651 1888 701 1946 est,
714 1879 758 1932 cui
773 1881 850 1933 Deus
864 1878 964 1933 obtulit

376 1961 472 2028 Parca,
485 1961 561 2031 quod
574 1961 642 2016 satis
655 1970 705 2029 est,
718 1979 812 2016 manu.

462 2303 651 2357 CARMEN
680 2301 784 2356 XVII.

458 2450 501 2490 An
519 2423 641 2492 annium
661 2448 795 2490 Laurum,

341 2577 550 2641 AEL1,vetusto
563 2570 665 2626 nobilis
678 2570 714 2624 ab
730 2571 825 2637 Lamo,

343 2656 475 2730 (Quando
489 2663 516 2710 et
528 2655 633 2726 priores
645 2653 711 2706 hinc
725 2652 837 2706 Lamias
850 2651 940 2705 ferunt

379 2739 591 2806 Denominatos,
605 2729 632 2791 et
644 2745 778 2805 nepotum

412 2824 466 2876 Per
478 2837 616 2876 memores
629 2835 716 2889 genus
729 2834 812 2872 omne
824 2817 911 2884 fastos

343 2969 465 3023 Auctore
477 2967 513 3021 ab
527 2967 574 3020 illo
586 2965 663 3019 ducit
675 2963 820 3033 originem,

344 3051 399 3122 Qui
414 3050 589 3104 Formiarum
601 3047 714 3102 moenia
725 3045 827 3100 dicitur

379 3133 522 3203 Princeps,
535 3141 562 3186 et
575 3131 720 3184 innantem
733 3129 858 3184 Maricae

416 3215 555 3270 Litoribus
568 3212 691 3268 tenuisse
705 3211 800 3278 Lirim,

345 3366 413 3420 Late
426 3361 571 3434 tyrannus)
585 3377 647 3414 cras
659 3359 733 3415 soliis
745 3376 844 3414 nemus

345 3447 443 3503 Multis
457 3456 484 3502 et
497 3447 561 3518 alga
573 3444 639 3499 litus
651 3443 742 3498 inutili
