2792 4168
471 467 572 510 niara
617 466 748 510 cannen
771 467 802 508 11.
1004 463 1059 523 145

263 597 422 667 Forumque
433 595 512 663 vitat,
524 604 552 650 et
565 595 686 664 superba
698 594 801 649 civium

298 678 488 734 Potentiorum
499 678 604 733 limina

263 763 339 831 Ergo
351 771 400 816 aut
411 761 508 816 adulta
518 761 618 816 vitium
629 761 783 831 propagine

296 846 377 899 Altas
389 844 503 899 maritat
514 845 641 914 populos,

262 929 319 982 Aut
331 928 361 981 in
373 928 489 982 reducta
500 928 572 982 valle
584 927 769 997 mugientium

299 1012 463 1080 Prospectat
475 1020 599 1065 errantes
611 1027 709 1080 greges
721 1030 728 1075 3

265 1095 436 1165 Inutilesque
448 1093 519 1148 falce
531 1110 624 1148 ramos
637 1103 796 1165 amputans,

299 1177 448 1231 Feliciores
461 1177 558 1231 inserit
570 1196 577 1242 ;

263 1261 320 1314 Aut
332 1275 428 1330 pressa
439 1259 516 1330 puris
528 1261 612 1314 mella
624 1259 720 1314 condit
733 1259 885 1330 amphoris,

298 1345 355 1397 Aut
367 1343 464 1397 tondet
477 1343 601 1397 infirmas
614 1360 680 1398 oves
692 1362 699 1407 ;

264 1426 324 1492 Vel,
337 1442 402 1480 cum
414 1425 547 1480 decorum
559 1426 674 1481 mitibus
687 1425 778 1496 pomis
791 1434 876 1495 caput

300 1510 475 1564 Auctumnus
488 1509 563 1579 agris
576 1510 683 1576 extulit,

266 1593 307 1646 Ut
319 1590 423 1661 gaudet
435 1592 548 1648 insitiva
559 1593 711 1663 decerpens
723 1608 802 1663 pyra,
864 1601 870 1618 ⁶

301 1675 462 1729 Certantem
475 1685 502 1729 et
515 1693 599 1730 uvam
612 1693 760 1746 purpurae,

267 1759 330 1827 Qua
342 1766 502 1812 muneretur
514 1767 550 1826 te,
564 1758 672 1828 Priape,
685 1768 761 1826 etto,
774 1768 853 1829 pater

301 1840 422 1908 Silvane,
435 1850 510 1895 tutor
522 1841 619 1896 finium
632 1845 637 1896 !

268 1924 348 1978 Libet
357 1924 451 1994 jacere
463 1925 548 1979 modo
561 1926 613 1979 sub
626 1926 742 1997 antiqua
754 1926 825 1994 ilice,

302 2008 391 2062 Modo
404 2007 432 2061 in
444 2008 536 2063 tenaci
549 2008 682 2078 gramine.

237 2123 254 2147 κ
268 2091 412 2144 Labuntur
424 2091 487 2145 altis
500 2091 611 2146 interim
622 2092 690 2162 ripis
703 2109 801 2164 aquae,

248 2205 263 2216 -
303 2173 462 2242 Queruntur
475 2174 504 2226 in
516 2174 593 2228 silvis
606 2191 682 2242 aves,

268 2256 428 2324 Fontesque
440 2256 562 2325 lymphis
575 2257 740 2326 obstrepunt
751 2257 940 2322 manantibus,

304 2339 424 2392 Somnos
437 2338 513 2409 quod
525 2338 624 2393 invitet
636 2340 719 2394 leves.

268 2421 306 2474 At
318 2436 382 2474 cum
394 2420 517 2474 tonantis
530 2437 620 2475 annus
633 2421 766 2477 hibernus
778 2421 855 2492 Jovis

306 2504 414 2557 Imbres
426 2503 560 2573 nivesque
572 2514 725 2575 comparat,

268 2588 325 2640 Aut
338 2584 424 2640 trudit
436 2603 515 2642 acres
527 2586 593 2640 hinc
606 2596 634 2641 et
646 2587 712 2640 hinc
726 2587 816 2642 multa
827 2602 897 2641 cane

303 2670 395 2738 Apros
408 2670 437 2723 in
449 2671 594 2724 obstantes
606 2670 705 2739 plagas
716 2689 723 2735 ;

269 2756 325 2808 Aut
338 2753 423 2807 amite
435 2754 489 2807 levi
501 2771 565 2807 rara
576 2753 666 2817 tendit
678 2753 757 2820 retia,

305 2835 407 2890 Turdis
420 2837 554 2891 edacibus
566 2835 645 2891 dolos
657 2856 665 2902 ;

271 2918 462 2990 Pavidumque
475 2920 606 2989 leporem,
619 2928 647 2973 et
659 2918 798 2973 advenam
811 2919 910 2989 laqueo
922 2933 1027 2987 gruem,

304 3002 432 3072 Jucunda
444 3011 539 3071 captat
551 3001 683 3072 praemia.

272 3085 342 3155 Quis
355 3102 412 3139 non
424 3085 570 3152 malarum,
584 3101 653 3155 quas
666 3101 745 3139 arnor
757 3100 838 3138 curas
850 3083 944 3150 habet,

308 3169 387 3223 Haec
401 3169 473 3222 inter
485 3167 675 3222 obliviscitur?

273 3251 356 3321 Quod
369 3251 392 3305 si
405 3251 508 3320 pudica
519 3251 618 3305 mulier
631 3250 659 3303 in
672 3259 781 3319 partem
790 3248 868 3319 juvet

308 3337 433 3389 Domum
446 3343 529 3406 atque
542 3334 637 3388 dulces
649 3333 761 3400 liberos,

274 3418 392 3487 (Sabina
404 3417 503 3489 qualis,
516 3426 564 3472 aut
576 3426 690 3487 perusta
702 3415 807 3471 solibus

308 3502 431 3558 Pemicis
445 3519 513 3557 uxor
524 3501 619 3573 Apuli)

644 3620 661 3660 L
