<?xml version="1.0" encoding="UTF-8"?>
<!DOCTYPE html PUBLIC "-//W3C//DTD XHTML 1.0 Transitional//EN"
    "http://www.w3.org/TR/xhtml1/DTD/xhtml1-transitional.dtd">
<html xmlns="http://www.w3.org/1999/xhtml" xml:lang="en" lang="en">
 <head>
  <title>
</title>
<meta http-equiv="Content-Type" content="text/html;charset=utf-8" />
  <meta name='ocr-system' content='tesseract 3.04.00' />
  <meta name='ocr-capabilities' content='ocr_page ocr_carea ocr_par ocr_line ocrx_word'/>
</head>
<body>
  <div class='ocr_page' id='page_1' title='image "./quintihoratiifl00milmgoog_0038.png"; bbox 0 0 2766 4162; ppageno 0'>
   <div class='ocr_carea' id='block_1_1' title="bbox 448 414 814 457">
    <p class='ocr_par' dir='ltr' id='par_1_1' title="bbox 448 414 814 457">
     <span class='ocr_line' id='line_1_1' title="bbox 448 414 814 457; baseline 0.003 -1"><span class='ocrx_word' id='word_1_1' title='bbox 448 415 541 457; x_wconf 87' lang='lat' dir='ltr'>LIBER</span> <span class='ocrx_word' id='word_1_2' title='bbox 565 416 583 456; x_wconf 91' lang='lat'><strong>1.</strong></span> <span class='ocrx_word' id='word_1_3' title='bbox 631 414 761 457; x_wconf 87' lang='lat' dir='ltr'><strong>CARMEN</strong></span> <span class='ocrx_word' id='word_1_4' title='bbox 785 415 814 457; x_wconf 92' lang='lat' dir='ltr'><strong>X.</strong></span> 
     </span>
    </p>
   </div>
   <div class='ocr_carea' id='block_1_2' title="bbox 500 681 766 868">
    <p class='ocr_par' dir='ltr' id='par_1_2' title="bbox 500 681 766 868">
     <span class='ocr_line' id='line_1_2' title="bbox 508 681 758 752; baseline -0.008 -18"><span class='ocrx_word' id='word_1_5' title='bbox 508 681 698 735; x_wconf 77' lang='lat' dir='ltr'><strong>cARMEN</strong></span> <span class='ocrx_word' id='word_1_6' title='bbox 724 682 758 752; x_wconf 74' lang='lat' dir='ltr'><strong>x.</strong></span> 
     </span>
     <span class='ocr_line' id='line_1_3' title="bbox 500 825 766 868; baseline -0.004 0"><span class='ocrx_word' id='word_1_7' title='bbox 500 826 543 868; x_wconf 89' lang='grc' dir='ltr'><strong>ΑΙ)</strong></span> <span class='ocrx_word' id='word_1_8' title='bbox 562 825 766 868; x_wconf 90' lang='lat' dir='ltr'>MERCURIUM.</span> 
     </span>
    </p>
   </div>
   <div class='ocr_carea' id='block_1_3' title="bbox 330 946 891 1267">
    <p class='ocr_par' dir='ltr' id='par_1_3' title="bbox 333 946 872 1016">
     <span class='ocr_line' id='line_1_4' title="bbox 333 946 872 1016; baseline 0 -15"><span class='ocrx_word' id='word_1_9' title='bbox 333 949 495 1015; x_wconf 66' lang='lat' dir='ltr'><strong>Mamm,</strong></span> <span class='ocrx_word' id='word_1_10' title='bbox 507 947 627 1001; x_wconf 83' lang='lat' dir='ltr'>facunde</span> <span class='ocrx_word' id='word_1_11' title='bbox 639 963 728 1016; x_wconf 88' lang='lat' dir='ltr'><strong>nepos</strong></span> <span class='ocrx_word' id='word_1_12' title='bbox 740 946 872 1014; x_wconf 88' lang='lat' dir='ltr'><strong>Atlantis,</strong></span> 
     </span>
    </p>

    <p class='ocr_par' dir='ltr' id='par_1_4' title="bbox 332 1029 891 1100">
     <span class='ocr_line' id='line_1_5' title="bbox 332 1029 891 1100; baseline -0.004 -16"><span class='ocrx_word' id='word_1_13' title='bbox 332 1031 387 1100; x_wconf 86' lang='lat' dir='ltr'><strong>Qui</strong></span> <span class='ocrx_word' id='word_1_14' title='bbox 399 1030 472 1084; x_wconf 89' lang='lat' dir='ltr'><strong>feros</strong></span> <span class='ocrx_word' id='word_1_15' title='bbox 485 1031 576 1084; x_wconf 90' lang='lat' dir='ltr'><strong>cultus</strong></span> <span class='ocrx_word' id='word_1_16' title='bbox 589 1029 736 1083; x_wconf 91' lang='lat' dir='ltr'><strong>hominurn</strong></span> <span class='ocrx_word' id='word_1_17' title='bbox 748 1039 891 1083; x_wconf 88' lang='lat' dir='ltr'><strong>recentum</strong></span> 
     </span>
    </p>

    <p class='ocr_par' dir='ltr' id='par_1_5' title="bbox 330 1112 819 1267">
     <span class='ocr_line' id='line_1_6' title="bbox 330 1112 819 1180; baseline -0.002 -12"><span class='ocrx_word' id='word_1_18' title='bbox 330 1115 407 1168; x_wconf 87' lang='lat' dir='ltr'><strong>Voce</strong></span> <span class='ocrx_word' id='word_1_19' title='bbox 419 1112 546 1168; x_wconf 87' lang='lat' dir='ltr'>formasti</span> <span class='ocrx_word' id='word_1_20' title='bbox 558 1122 647 1180; x_wconf 92' lang='lat' dir='ltr'><strong>catus,</strong></span> <span class='ocrx_word' id='word_1_21' title='bbox 660 1122 688 1166; x_wconf 88' lang='lat' dir='ltr'><strong>et</strong></span> <span class='ocrx_word' id='word_1_22' title='bbox 701 1112 819 1167; x_wconf 85' lang='lat' dir='ltr'><strong>decorae</strong></span> 
     </span>
     <span class='ocr_line' id='line_1_7' title="bbox 403 1197 671 1267; baseline -0.007 -16"><span class='ocrx_word' id='word_1_23' title='bbox 403 1199 484 1251; x_wconf 88' lang='lat' dir='ltr'><strong>More</strong></span> <span class='ocrx_word' id='word_1_24' title='bbox 496 1197 653 1267; x_wconf 85' lang='lat' dir='ltr'><strong>palaestrae</strong></span> <span class='ocrx_word' id='word_1_25' title='bbox 665 1215 671 1249; x_wconf 93' lang='lat'><strong>:</strong></span> 
     </span>
    </p>
   </div>
   <div class='ocr_carea' id='block_1_4' title="bbox 333 1318 903 1624">
    <p class='ocr_par' dir='ltr' id='par_1_6' title="bbox 333 1318 863 1388">
     <span class='ocr_line' id='line_1_8' title="bbox 333 1318 863 1388; baseline -0.002 -16"><span class='ocrx_word' id='word_1_26' title='bbox 333 1321 373 1374; x_wconf 91' lang='lat' dir='ltr'><strong>Te</strong></span> <span class='ocrx_word' id='word_1_27' title='bbox 386 1337 496 1388; x_wconf 86' lang='lat' dir='ltr'><strong>canam,</strong></span> <span class='ocrx_word' id='word_1_28' title='bbox 508 1318 604 1388; x_wconf 86' lang='lat' dir='ltr'><strong>magni</strong></span> <span class='ocrx_word' id='word_1_29' title='bbox 616 1318 694 1388; x_wconf 90' lang='lat' dir='ltr'><strong>Jovis</strong></span> <span class='ocrx_word' id='word_1_30' title='bbox 707 1328 734 1372; x_wconf 91' lang='lat' dir='ltr'><strong>et</strong></span> <span class='ocrx_word' id='word_1_31' title='bbox 747 1318 863 1372; x_wconf 90' lang='lat' dir='ltr'><strong>deorum</strong></span> 
     </span>
    </p>

    <p class='ocr_par' dir='ltr' id='par_1_7' title="bbox 333 1403 903 1473">
     <span class='ocr_line' id='line_1_9' title="bbox 333 1403 903 1473; baseline -0.005 -16"><span class='ocrx_word' id='word_1_32' title='bbox 333 1403 481 1472; x_wconf 90' lang='lat' dir='ltr'><strong>Nuntium,</strong></span> <span class='ocrx_word' id='word_1_33' title='bbox 493 1418 649 1473; x_wconf 89' lang='lat' dir='ltr'><strong>curvaeque</strong></span> <span class='ocrx_word' id='word_1_34' title='bbox 661 1403 738 1470; x_wconf 87' lang='lat' dir='ltr'><strong>lyrae</strong></span> <span class='ocrx_word' id='word_1_35' title='bbox 750 1411 903 1471; x_wconf 90' lang='lat' dir='ltr'><strong>parentem,</strong></span> 
     </span>
    </p>

    <p class='ocr_par' dir='ltr' id='par_1_8' title="bbox 334 1485 866 1624">
     <span class='ocr_line' id='line_1_10' title="bbox 334 1485 866 1556; baseline -0.004 -16"><span class='ocrx_word' id='word_1_36' title='bbox 334 1485 482 1553; x_wconf 91' lang='lat' dir='ltr'><strong>Callidum,</strong></span> <span class='ocrx_word' id='word_1_37' title='bbox 495 1485 632 1556; x_wconf 90' lang='lat' dir='ltr'><strong>quidquid</strong></span> <span class='ocrx_word' id='word_1_38' title='bbox 644 1485 758 1554; x_wconf 88' lang='lat' dir='ltr'><strong>placuit,</strong></span> <span class='ocrx_word' id='word_1_39' title='bbox 767 1485 866 1554; x_wconf 85' lang='lat' dir='ltr'><strong>jocoso</strong></span> 
     </span>
     <span class='ocr_line' id='line_1_11' title="bbox 405 1568 626 1624; baseline -0.009 0"><span class='ocrx_word' id='word_1_40' title='bbox 405 1569 533 1624; x_wconf 77' lang='lat' dir='ltr'><strong>Condere</strong></span> <span class='ocrx_word' id='word_1_41' title='bbox 546 1568 626 1622; x_wconf 83' lang='lat' dir='ltr'><strong>furto.</strong></span> 
     </span>
    </p>
   </div>
   <div class='ocr_carea' id='block_1_5' title="bbox 334 1689 873 1843">
    <p class='ocr_par' dir='ltr' id='par_1_9' title="bbox 334 1689 873 1843">
     <span class='ocr_line' id='line_1_12' title="bbox 334 1689 815 1759; baseline 0 -15"><span class='ocrx_word' id='word_1_42' title='bbox 334 1693 385 1759; x_wconf 90' lang='lat' dir='ltr'><strong>Te,</strong></span> <span class='ocrx_word' id='word_1_43' title='bbox 396 1692 485 1746; x_wconf 93' lang='lat' dir='ltr'><strong>boves</strong></span> <span class='ocrx_word' id='word_1_44' title='bbox 498 1691 565 1744; x_wconf 91' lang='lat' dir='ltr'><strong>olim</strong></span> <span class='ocrx_word' id='word_1_45' title='bbox 578 1690 632 1744; x_wconf 91' lang='lat' dir='ltr'><strong>nisi</strong></span> <span class='ocrx_word' id='word_1_46' title='bbox 645 1689 815 1745; x_wconf 86' lang='lat' dir='ltr'><strong>reddidisses</strong></span> 
     </span>
     <span class='ocr_line' id='line_1_13' title="bbox 335 1774 873 1843; baseline -0.004 -15"><span class='ocrx_word' id='word_1_47' title='bbox 335 1777 389 1828; x_wconf 91' lang='lat' dir='ltr'><strong>Per</strong></span> <span class='ocrx_word' id='word_1_48' title='bbox 400 1774 496 1828; x_wconf 93' lang='lat' dir='ltr'><strong>dolum</strong></span> <span class='ocrx_word' id='word_1_49' title='bbox 510 1782 628 1841; x_wconf 68' lang='lat' dir='ltr'><strong>amotas</strong></span> <span class='ocrx_word' id='word_1_50' title='bbox 641 1791 759 1843; x_wconf 92' lang='lat' dir='ltr'><strong>puerum</strong></span> <span class='ocrx_word' id='word_1_51' title='bbox 771 1774 873 1826; x_wconf 88' lang='lat' dir='ltr'><strong>minaci</strong></span> 
     </span>
    </p>
   </div>
   <div class='ocr_carea' id='block_1_6' title="bbox 332 1850 852 2010">
    <p class='ocr_par' dir='ltr' id='par_1_10' title="bbox 332 1850 852 2010">
     <span class='ocr_line' id='line_1_14' title="bbox 332 1850 852 1927; baseline -0.004 -16"><span class='ocrx_word' id='word_1_52' title='bbox 332 1859 409 1911; x_wconf 93' lang='lat' dir='ltr'><strong>Voce</strong></span> <span class='ocrx_word' id='word_1_53' title='bbox 421 1857 490 1911; x_wconf 93' lang='lat' dir='ltr'><strong>dum</strong></span> <span class='ocrx_word' id='word_1_54' title='bbox 502 1866 595 1924; x_wconf 90' lang='lat' dir='ltr'><strong>terret,</strong></span> <span class='ocrx_word' id='word_1_55' title='bbox 607 1856 708 1911; x_wconf 90' lang='lat' dir='ltr'><strong>viduus</strong></span> <span class='ocrx_word' id='word_1_56' title='bbox 721 1850 852 1927; x_wconf 83' lang='lat' dir='ltr'><strong>pharetra</strong></span> 
     </span>
     <span class='ocr_line' id='line_1_15' title="bbox 404 1940 599 2010; baseline -0.015 -16"><span class='ocrx_word' id='word_1_57' title='bbox 404 1940 478 1994; x_wconf 91' lang='lat' dir='ltr'><strong>Risit</strong></span> <span class='ocrx_word' id='word_1_58' title='bbox 490 1940 599 2010; x_wconf 88' lang='lat' dir='ltr'><strong>Apollo.</strong></span> 
     </span>
    </p>
   </div>
   <div class='ocr_carea' id='block_1_7' title="bbox 335 2061 896 2366">
    <p class='ocr_par' dir='ltr' id='par_1_11' title="bbox 337 2061 877 2132">
     <span class='ocr_line' id='line_1_16' title="bbox 337 2061 877 2132; baseline -0.004 -15"><span class='ocrx_word' id='word_1_59' title='bbox 337 2062 412 2132; x_wconf 83' lang='lat' dir='ltr'><strong>Quin</strong></span> <span class='ocrx_word' id='word_1_60' title='bbox 425 2071 452 2116; x_wconf 91' lang='lat' dir='ltr'><strong>et</strong></span> <span class='ocrx_word' id='word_1_61' title='bbox 464 2062 587 2128; x_wconf 83' lang='lat' dir='ltr'><strong>Atridas,</strong></span> <span class='ocrx_word' id='word_1_62' title='bbox 599 2061 671 2116; x_wconf 90' lang='lat' dir='ltr'><strong>duce</strong></span> <span class='ocrx_word' id='word_1_63' title='bbox 683 2071 720 2129; x_wconf 90' lang='lat' dir='ltr'><strong>te,</strong></span> <span class='ocrx_word' id='word_1_64' title='bbox 733 2063 877 2131; x_wconf 90' lang='lat' dir='ltr'><strong>superbos,</strong></span> 
     </span>
    </p>

    <p class='ocr_par' dir='ltr' id='par_1_12' title="bbox 337 2146 739 2213">
     <span class='ocr_line' id='line_1_17' title="bbox 337 2146 739 2213; baseline 0.002 -14"><span class='ocrx_word' id='word_1_65' title='bbox 337 2147 388 2200; x_wconf 91' lang='lat' dir='ltr'><strong>Ilio</strong></span> <span class='ocrx_word' id='word_1_66' title='bbox 401 2146 479 2200; x_wconf 89' lang='lat' dir='ltr'><strong>dives</strong></span> <span class='ocrx_word' id='word_1_67' title='bbox 493 2146 620 2199; x_wconf 88' lang='lat' dir='ltr'><strong>Priamus</strong></span> <span class='ocrx_word' id='word_1_68' title='bbox 633 2146 739 2213; x_wconf 85' lang='lat' dir='ltr'><strong>relicto,</strong></span> 
     </span>
    </p>

    <p class='ocr_par' dir='ltr' id='par_1_13' title="bbox 335 2228 896 2366">
     <span class='ocr_line' id='line_1_18' title="bbox 335 2228 896 2300; baseline 0 -18"><span class='ocrx_word' id='word_1_69' title='bbox 335 2231 543 2300; x_wconf 87' lang='lat' dir='ltr'><strong>Thessalosque</strong></span> <span class='ocrx_word' id='word_1_70' title='bbox 556 2229 634 2298; x_wconf 88' lang='lat' dir='ltr'><strong>ignes</strong></span> <span class='ocrx_word' id='word_1_71' title='bbox 648 2237 675 2284; x_wconf 90' lang='lat' dir='ltr'><strong>et</strong></span> <span class='ocrx_word' id='word_1_72' title='bbox 688 2228 783 2299; x_wconf 91' lang='lat' dir='ltr'><strong>iniqua</strong></span> <span class='ocrx_word' id='word_1_73' title='bbox 796 2229 896 2299; x_wconf 88' lang='lat' dir='ltr'><strong>Trojae</strong></span> 
     </span>
     <span class='ocr_line' id='line_1_19' title="bbox 406 2312 620 2366; baseline -0.009 0"><span class='ocrx_word' id='word_1_74' title='bbox 406 2313 506 2366; x_wconf 86' lang='lat' dir='ltr'><strong>Castra</strong></span> <span class='ocrx_word' id='word_1_75' title='bbox 517 2312 620 2366; x_wconf 83' lang='lat' dir='ltr'><strong>fefellit.</strong></span> 
     </span>
    </p>
   </div>
   <div class='ocr_carea' id='block_1_8' title="bbox 335 2429 839 2732">
    <p class='ocr_par' dir='ltr' id='par_1_14' title="bbox 336 2429 796 2499">
     <span class='ocr_line' id='line_1_20' title="bbox 336 2429 796 2499; baseline 0 -17"><span class='ocrx_word' id='word_1_76' title='bbox 336 2431 380 2483; x_wconf 93' lang='lat' dir='ltr'><strong>Tu</strong></span> <span class='ocrx_word' id='word_1_77' title='bbox 394 2430 455 2499; x_wconf 85' lang='lat' dir='ltr'><strong>pias</strong></span> <span class='ocrx_word' id='word_1_78' title='bbox 467 2429 548 2484; x_wconf 89' lang='lat' dir='ltr'><strong>laetis</strong></span> <span class='ocrx_word' id='word_1_79' title='bbox 561 2429 670 2483; x_wconf 88' lang='lat' dir='ltr'><strong>animas</strong></span> <span class='ocrx_word' id='word_1_80' title='bbox 683 2429 796 2499; x_wconf 89' lang='lat' dir='ltr'><strong>reponis</strong></span> 
     </span>
    </p>

    <p class='ocr_par' dir='ltr' id='par_1_15' title="bbox 337 2512 839 2582">
     <span class='ocr_line' id='line_1_21' title="bbox 337 2512 839 2582; baseline -0.002 -15"><span class='ocrx_word' id='word_1_81' title='bbox 337 2512 467 2579; x_wconf 90' lang='lat' dir='ltr'><strong>Sedibus,</strong></span> <span class='ocrx_word' id='word_1_82' title='bbox 479 2513 612 2582; x_wconf 92' lang='lat' dir='ltr'><strong>virgaque</strong></span> <span class='ocrx_word' id='word_1_83' title='bbox 624 2513 715 2566; x_wconf 90' lang='lat' dir='ltr'><strong>levem</strong></span> <span class='ocrx_word' id='word_1_84' title='bbox 728 2517 839 2566; x_wconf 71' lang='lat' dir='ltr'><strong>coerces</strong></span> 
     </span>
    </p>

    <p class='ocr_par' dir='ltr' id='par_1_16' title="bbox 335 2594 809 2732">
     <span class='ocr_line' id='line_1_22' title="bbox 335 2594 809 2663; baseline -0.002 -14"><span class='ocrx_word' id='word_1_85' title='bbox 335 2596 428 2649; x_wconf 91' lang='lat' dir='ltr'><strong>Aurea</strong></span> <span class='ocrx_word' id='word_1_86' title='bbox 440 2595 560 2661; x_wconf 89' lang='lat' dir='ltr'><strong>turbam,</strong></span> <span class='ocrx_word' id='word_1_87' title='bbox 573 2594 679 2663; x_wconf 91' lang='lat' dir='ltr'><strong>superis</strong></span> <span class='ocrx_word' id='word_1_88' title='bbox 693 2595 809 2648; x_wconf 92' lang='lat' dir='ltr'><strong>deorum</strong></span> 
     </span>
     <span class='ocr_line' id='line_1_23' title="bbox 407 2677 637 2732; baseline -0.004 -1"><span class='ocrx_word' id='word_1_89' title='bbox 407 2679 511 2732; x_wconf 90' lang='lat' dir='ltr'><strong>Gratus</strong></span> <span class='ocrx_word' id='word_1_90' title='bbox 525 2687 552 2731; x_wconf 91' lang='lat' dir='ltr'><strong>et</strong></span> <span class='ocrx_word' id='word_1_91' title='bbox 565 2677 637 2731; x_wconf 86' lang='lat' dir='ltr'><strong>imis.</strong></span> 
     </span>
    </p>
   </div>
   <div class='ocr_carea' id='block_1_9' title="bbox 504 2912 773 2967">
    <p class='ocr_par' dir='ltr' id='par_1_17' title="bbox 504 2912 773 2967">
     <span class='ocr_line' id='line_1_24' title="bbox 504 2912 773 2967; baseline -0.007 -1"><span class='ocrx_word' id='word_1_92' title='bbox 504 2912 693 2967; x_wconf 88' lang='lat' dir='ltr'><strong>CARMEN</strong></span> <span class='ocrx_word' id='word_1_93' title='bbox 719 2913 773 2965; x_wconf 93' lang='grc' dir='ltr'><strong>ΧΙ.</strong></span> 
     </span>
    </p>
   </div>
   <div class='ocr_carea' id='block_1_10' title="bbox 508 3068 768 3112">
    <p class='ocr_par' dir='ltr' id='par_1_18' title="bbox 508 3068 768 3112">
     <span class='ocr_line' id='line_1_25' title="bbox 508 3068 768 3112; baseline 0 -2"><span class='ocrx_word' id='word_1_94' title='bbox 508 3070 551 3111; x_wconf 89' lang='grc' dir='ltr'><strong>ΑΙ)</strong></span> <span class='ocrx_word' id='word_1_95' title='bbox 570 3068 768 3112; x_wconf 87' lang='lat' dir='ltr'><strong>LEUCONOEN.</strong></span> 
     </span>
    </p>
   </div>
   <div class='ocr_carea' id='block_1_11' title="bbox 212 3202 1011 3522">
    <p class='ocr_par' dir='ltr' id='par_1_19' title="bbox 212 3202 1011 3522">
     <span class='ocr_line' id='line_1_26' title="bbox 213 3202 1011 3274; baseline 0 -18"><span class='ocrx_word' id='word_1_96' title='bbox 213 3205 262 3258; x_wconf 83' lang='lat' dir='ltr'><strong>TU</strong></span> <span class='ocrx_word' id='word_1_97' title='bbox 274 3219 310 3256; x_wconf 93' lang='lat' dir='ltr'><strong>ne</strong></span> <span class='ocrx_word' id='word_1_98' title='bbox 322 3203 483 3274; x_wconf 86' lang='lat' dir='ltr'><strong>quaesieris,</strong></span> <span class='ocrx_word' id='word_1_99' title='bbox 497 3203 567 3258; x_wconf 91' lang='lat' dir='ltr'><strong>scire</strong></span> <span class='ocrx_word' id='word_1_100' title='bbox 579 3202 667 3270; x_wconf 84' lang='lat' dir='ltr'><strong>nefas,</strong></span> <span class='ocrx_word' id='word_1_101' title='bbox 679 3219 763 3273; x_wconf 92' lang='lat' dir='ltr'><strong>quem</strong></span> <span class='ocrx_word' id='word_1_102' title='bbox 776 3203 853 3270; x_wconf 89' lang='lat' dir='ltr'><strong>mihi,</strong></span> <span class='ocrx_word' id='word_1_103' title='bbox 866 3220 950 3273; x_wconf 91' lang='lat' dir='ltr'><strong>quern</strong></span> <span class='ocrx_word' id='word_1_104' title='bbox 959 3203 1011 3257; x_wconf 89' lang='lat' dir='ltr'><strong>tibi</strong></span> 
     </span>
     <span class='ocr_line' id='line_1_27' title="bbox 213 3285 933 3355; baseline 0.003 -17"><span class='ocrx_word' id='word_1_105' title='bbox 213 3285 314 3340; x_wconf 88' lang='lat' dir='ltr'><strong>Finem</strong></span> <span class='ocrx_word' id='word_1_106' title='bbox 327 3287 365 3340; x_wconf 93' lang='lat' dir='ltr'><strong>Di</strong></span> <span class='ocrx_word' id='word_1_107' title='bbox 378 3286 515 3354; x_wconf 89' lang='lat' dir='ltr'><strong>dederint,</strong></span> <span class='ocrx_word' id='word_1_108' title='bbox 529 3289 685 3353; x_wconf 69' lang='lat' dir='ltr'><strong>Leuconoe,</strong></span> <span class='ocrx_word' id='word_1_109' title='bbox 698 3302 749 3340; x_wconf 91' lang='lat' dir='ltr'><strong>nec</strong></span> <span class='ocrx_word' id='word_1_110' title='bbox 763 3287 933 3355; x_wconf 89' lang='lat' dir='ltr'><strong>Babylonios</strong></span> 
     </span>
     <span class='ocr_line' id='line_1_28' title="bbox 212 3368 1005 3440; baseline 0 -18"><span class='ocrx_word' id='word_1_111' title='bbox 212 3369 342 3422; x_wconf 91' lang='lat' dir='ltr'><strong>Tentaris</strong></span> <span class='ocrx_word' id='word_1_112' title='bbox 355 3386 494 3424; x_wconf 90' lang='lat' dir='ltr'><strong>numeros.</strong></span> <span class='ocrx_word' id='word_1_113' title='bbox 533 3371 574 3424; x_wconf 92' lang='lat' dir='ltr'><strong>Ut</strong></span> <span class='ocrx_word' id='word_1_114' title='bbox 586 3368 694 3435; x_wconf 77' lang='lat' dir='ltr'><strong>meliuS,</strong></span> <span class='ocrx_word' id='word_1_115' title='bbox 708 3369 843 3440; x_wconf 91' lang='lat' dir='ltr'><strong>quidquid</strong></span> <span class='ocrx_word' id='word_1_116' title='bbox 856 3369 915 3436; x_wconf 91' lang='lat' dir='ltr'><strong>erit,</strong></span> <span class='ocrx_word' id='word_1_117' title='bbox 928 3369 987 3438; x_wconf 89' lang='lat' dir='ltr'><strong>pati</strong></span> <span class='ocrx_word' id='word_1_118' title='bbox 1000 3371 1005 3422; x_wconf 90' lang='lat'>!</span> 
     </span>
     <span class='ocr_line' id='line_1_29' title="bbox 214 3451 964 3522; baseline -0.001 -16"><span class='ocrx_word' id='word_1_119' title='bbox 214 3452 271 3506; x_wconf 90' lang='lat' dir='ltr'><strong>Seu</strong></span> <span class='ocrx_word' id='word_1_120' title='bbox 283 3452 376 3521; x_wconf 89' lang='lat' dir='ltr'><strong>plures</strong></span> <span class='ocrx_word' id='word_1_121' title='bbox 389 3453 506 3521; x_wconf 90' lang='lat' dir='ltr'><strong>hiemes,</strong></span> <span class='ocrx_word' id='word_1_122' title='bbox 520 3468 568 3506; x_wconf 89' lang='lat' dir='ltr'><strong>seu</strong></span> <span class='ocrx_word' id='word_1_123' title='bbox 581 3451 678 3506; x_wconf 90' lang='lat' dir='ltr'><strong>tribuit</strong></span> <span class='ocrx_word' id='word_1_124' title='bbox 689 3452 816 3522; x_wconf 90' lang='lat' dir='ltr'><strong>Juppiter</strong></span> <span class='ocrx_word' id='word_1_125' title='bbox 828 3452 964 3519; x_wconf 90' lang='lat' dir='ltr'><strong>ultimam,</strong></span> 
     </span>
    </p>
   </div>
   <div class='ocr_carea' id='block_1_12' title="bbox 0 0 1395 4162">
    <p class='ocr_par' dir='ltr' id='par_1_20' title="bbox 0 0 1395 4162">
     <span class='ocr_line' id='line_1_30' title="bbox 0 0 1395 4162; baseline 0 0"><span class='ocrx_word' id='word_1_126' title='bbox 0 0 1395 4162; x_wconf 95' lang='lat' dir='ltr'><strong> </strong></span> 
     </span>
    </p>
   </div>
  </div>
 </body>
</html>
