2766 4162
316 400 355 454 60

575 412 706 454 HORATII
732 411 905 454 CARMINUM

602 785 787 838 CARMEN
818 785 872 838 XI.

614 935 657 976 AD
677 934 867 989 Qumcriun.

458 1063 543 1132 QUID
555 1062 705 1116 bellicosus
713 1062 861 1115 -Cantaber
873 1072 900 1115 et
913 1062 1040 1131 ScytheS,

458 1145 577 1214 Hirpine
591 1145 697 1214 Quinti,
710 1145 821 1213 cogitet,
836 1145 947 1198 Hadria

493 1228 607 1282 Divisus
621 1227 739 1296 object0,
752 1227 878 1280 remittas

528 1312 676 1380 Quaerere,
688 1326 740 1362 nec
753 1308 874 1378 trepides
887 1309 916 1361 in
928 1325 1010 1362 usum

459 1465 602 1519 Poscentis
615 1465 676 1518 aevi
688 1481 785 1532 pauca
825 1465 907 1534 Fugit
920 1473 993 1519 retro

459 1549 539 1602 Levis
548 1548 679 1617 juventas
693 1558 720 1601 et
732 1548 825 1614 decor,
838 1548 917 1602 arida

494 1631 616 1684 Pellente
628 1630 747 1684 lascivos
760 1647 870 1686 amores

529 1713 637 1767 Canitie
649 1712 814 1784 facilemque
828 1731 967 1768 somnum.

459 1872 525 1923 Non
538 1886 647 1938 semper
660 1869 736 1923 idem
748 1869 862 1923 floribus
876 1879 918 1923 est
930 1869 1020 1923 honor

457 1953 565 2019 VemiS‚
578 1969 669 2022 neque
681 1968 737 2006 uno
752 1953 832 2006 Luna
844 1953 946 2008 rubens
959 1954 1028 2007 nitet

492 2037 583 2090 Voltu.
625 2035 699 2105 Quid
712 2035 832 2089 aeternis
844 2036 982 2091 minorem

529 2118 659 2172 Consiliis
671 2118 797 2172 animum
810 2118 929 2187 fatigas?

460 2278 515 2329 Cur
527 2293 584 2330 non
597 2276 649 2329 sub
662 2276 720 2328 alta
731 2275 776 2328 vel
788 2276 902 2344 platano
915 2276 959 2329 vel
971 2276 1024 2329 hac

459 2360 529 2412 Pinu
538 2359 664 2429 jacentes
678 2359 718 2413 sic
731 2368 844 2425 temere,
855 2369 883 2412 et
896 2376 960 2413 rosa

494 2442 587 2495 Canos
600 2441 708 2496 odorati
721 2441 846 2510 capillos

530 2526 606 2578 Dum
617 2524 691 2590 licet,
705 2524 875 2594 Assyriaque
887 2524 976 2577 nardo

459 2683 592 2735 Potamus
605 2681 700 2735 uncti?
719 2680 838 2748 dissipat
852 2679 939 2733 Euius

459 2765 547 2816 Curas
561 2763 669 2817 edaces.
711 2762 780 2832 Quis
793 2777 861 2829 puer
873 2761 951 2814 ocius

497 2845 663 2914 Restinguet
676 2843 800 2898 ardentis
815 2843 924 2896 Falerni

530 2928 635 2981 Pocula
646 2935 839 2997 praetereunte
849 2926 982 2995 lympha?

460 3084 529 3153 Quis
542 3083 654 3137 devium
668 3092 791 3138 scortum
804 3082 895 3137 eliciet
906 3083 991 3136 domo

460 3165 574 3234 Lyden?
593 3167 708 3233 eburna,
720 3165 766 3219 dic
779 3182 840 3234 age,
853 3182 918 3219 cum
930 3166 990 3233 lyra

495 3250 627 3314 Maturet‚
640 3248 669 3302 in
682 3257 826 3317 comptum
840 3248 984 3302 Lacaenae

531 3331 611 3385 More
624 3348 720 3385 comas
732 3331 849 3400 religata
861 3329 974 3384 nodum.
