2804 4176
319 431 378 470 222
574 427 705 472 HORATII
728 428 910 472 SATIRARUM

613 654 779 709 SATIRA
809 654 863 708 VI.

315 801 385 854 Hoc
397 809 456 853 erat
469 799 498 852 in
510 798 582 853 votis
593 817 599 854 ε
620 799 720 853 modus
733 799 793 869 agri
806 816 862 853 non
875 800 914 853 ita
926 816 1054 869 magnuS,

314 883 420 936 Hortus
433 882 490 950 ubi,
503 892 531 937 et
543 891 617 937 tecto
629 883 736 936 vicinus
747 883 821 951 jugis
834 899 925 952 aquae
937 882 1008 950 lons,

314 967 351 1019 Et
364 967 488 1035 paullum
501 967 588 1020 silvae
601 966 739 1036 superbis
753 966 830 1019 foret.
867 966 985 1020 Auctius
999 975 1083 1035 atque

314 1048 351 1100 Di
363 1049 462 1103 melius
476 1049 572 1103 fecere.
611 1051 687 1102 Bene
701 1058 759 1103 est:
780 1049 819 1102 nil
833 1048 952 1118 amplius
966 1065 1024 1115 oro,

313 1131 391 1184 Maia
403 1141 477 1199 nate,
489 1132 544 1185 nisi
557 1142 587 1186 ut
599 1132 712 1201 propria
724 1131 794 1185 haec
807 1131 876 1185 mihi
886 1148 1003 1185 munera
1014 1132 1093 1185 faxis.

312 1214 342 1267 Si
355 1231 445 1284 neque
457 1215 593 1284 majorem
606 1215 659 1269 feci
672 1215 780 1268 ratione
793 1215 868 1267 mala
880 1231 950 1282 rem,

313 1297 373 1351 Nec
386 1315 449 1351 sum
461 1297 584 1353 facturus
596 1298 664 1352 vitio
677 1299 794 1367 culpave
807 1299 943 1352 minorem
955 1317 962 1362 ;

311 1380 342 1433 Si
354 1397 471 1435 veneror
484 1382 584 1436 stultus
596 1381 666 1434 nihil
678 1381 795 1436 horum:
818 1383 842 1435 O
857 1381 879 1434 si
893 1382 1012 1450 angulus
1026 1381 1071 1434 ille

312 1466 456 1520 Proximus
470 1466 594 1533 accedat,
608 1466 655 1535 qui
668 1483 742 1519 nunc
755 1466 902 1519 denormat
914 1465 1036 1534 agellum
1050 1468 1055 1518 l

311 1549 336 1600 O
350 1547 373 1600 si
386 1564 486 1601 urnam
499 1548 606 1617 argenti
619 1547 676 1602 sors
690 1565 761 1617 quae
774 1548 843 1601 mihi
856 1556 1000 1615 monstret,
1014 1556 1044 1601 ut
1057 1548 1104 1614 illi,

310 1630 456 1684 Thesauro
469 1630 581 1684 invento
595 1631 641 1700 qui
654 1630 842 1684 mercenarius
856 1647 955 1699 agrum

312 1712 395 1766 Illum
408 1713 500 1782 ipsum
512 1722 652 1767 mercatus
664 1713 761 1780 aravit,
774 1713 852 1766 dives
865 1713 957 1766 amico

311 1796 450 1849 Hercule!
484 1796 522 1863 Si,
534 1795 608 1866 quod
622 1795 709 1862 adest,
722 1805 832 1864 gratum
842 1795 930 1865 juvat,
943 1796 996 1850 hac
1009 1813 1090 1866 prece
1103 1807 1131 1851 te
1144 1815 1210 1852 oro:

311 1879 417 1947 Pingue
430 1896 515 1948 pecus
528 1879 642 1932 domino
655 1879 742 1932 facias
755 1889 783 1932 et
795 1889 888 1932 cetera
899 1889 1010 1949 praeter

310 1961 458 2030 Ingenium
471 1980 478 2026 ;
496 1972 581 2031 utque
595 1963 676 2030 soles,
689 1972 783 2016 custos
796 1962 866 2015 mihi
878 1964 1018 2016 maximus
1031 1964 1116 2017 adsis.

311 2047 386 2113 Ergo
399 2045 447 2098 ubi
460 2062 505 2098 me
518 2045 547 2098 in
560 2056 669 2099 montes
683 2054 710 2099 et
723 2046 752 2099 in
765 2062 859 2099 arcem
872 2063 905 2099 ex
919 2047 986 2100 urbe
998 2047 1112 2114 removi,

310 2129 398 2197 (Quid
410 2129 486 2199 prius
500 2129 636 2182 illustrem
649 2129 740 2184 satiris
753 2146 889 2199 musaque
901 2130 1023 2198 pedestri
1032 2131 1060 2198 Β)

311 2213 372 2265 Nec
385 2213 461 2266 mala
472 2229 517 2265 me
530 2212 647 2266 ambitio
659 2213 751 2282 perdit
763 2229 815 2266 nec
827 2213 975 2282 plumbeus
987 2214 1089 2266 Auster

307 2296 538 2366 Auctumnusque
551 2296 652 2364 gravis,
667 2295 805 2350 Libitinae
818 2305 950 2364 quaestus
962 2296 1089 2349 acerbae.

309 2378 448 2432 Matutine
461 2388 548 2447 pater,
562 2395 610 2433 seu
622 2380 691 2448 Jane
704 2378 836 2433 libentius
849 2378 937 2445 audis,

311 2461 394 2514 Unde
406 2462 534 2515 homines
548 2479 663 2530 operum
675 2463 780 2532 primos
793 2461 922 2531 vitaeque
934 2461 1044 2516 labores

309 2544 469 2612 instituunt,
484 2544 534 2613 (sic
549 2545 601 2598 Dis
614 2545 759 2614 placitum)
773 2555 802 2599 tu
816 2542 947 2598 carniinis
960 2555 1020 2599 esto

308 2627 485 2696 Principium.
523 2629 631 2681 Romae
644 2645 808 2697 sponsorem
820 2644 865 2680 me
878 2627 962 2697 rapis.
1001 2629 1062 2694 Eia,

309 2711 354 2762 Ne
366 2710 441 2780 prior
453 2709 545 2764 officio
559 2711 706 2780 quisquam
719 2710 895 2780 respondeat,
908 2728 982 2780 urge.

306 2792 372 2846 Sive
385 2793 486 2863 Aquilo
499 2793 572 2846 radit
585 2803 681 2861 terras
695 2810 743 2848 seu
755 2794 855 2847 bruma
868 2793 988 2848 nivalem

307 2876 441 2955 Interiore
454 2875 529 2930 diem
541 2893 610 2945 gyro
623 2877 715 2943 trahit,
729 2877 768 2930 ire
780 2892 895 2930 necesse
908 2887 958 2931 est.

307 2958 467 3026 Postmodo,
481 2960 555 3029 quod
568 2959 607 3012 mi
620 2960 702 3026 obsit,
715 2959 789 3013 clare
801 2969 963 3029 certumque
975 2961 1077 3028 locuto,

306 3041 481 3096 Luctandum
494 3042 523 3095 in
535 3042 625 3109 turba,
638 3051 666 3096 et
678 3042 807 3096 facienda
819 3042 920 3112 injuria
933 3043 1027 3097 tardis.

306 3124 434 3192 Quidvis
448 3125 565 3178 insane?
585 3135 612 3178 et
625 3142 695 3195 quas
708 3142 751 3178 res
767 3124 848 3194 agis?
886 3127 1034 3195 Improbus
1047 3136 1125 3196 urget

306 3206 387 3259 lratis
399 3207 529 3275 precibus
541 3227 547 3272 ;
567 3216 596 3260 tu
608 3208 702 3277 pulses
715 3224 798 3261 omne
811 3208 887 3277 quod
899 3209 1002 3276 obstat,

302 3288 348 3341 Ad
362 3289 556 3342 Maecenatem
569 3291 686 3343 memori
699 3290 723 3344 si
735 3299 829 3343 mente
842 3307 973 3345 recurras.

305 3373 369 3424 Hoc
379 3371 467 3439 juvat,
480 3382 507 3424 et
519 3373 594 3425 melli
609 3382 659 3440 est,
672 3390 729 3427 non
741 3373 867 3429 mentiar.
904 3375 942 3428 At
955 3374 1037 3428 simul
1050 3385 1124 3429 atras

302 3455 424 3508 Ventum
437 3463 479 3508 est
493 3455 642 3524 Esquilias,
656 3457 747 3510 aliena
758 3456 872 3525 negotia
884 3466 996 3511 centum
1154 3493 1177 3530 33
