2792 4168
321 465 377 504 122

575 457 706 502 HORATII
732 457 903 501 CARMINUM

601 727 790 781 CARMEN
824 725 875 777 IV.

618 885 713 928 onum
733 884 862 926 munus.

468 1023 602 1090 QUALEM
615 1019 775 1073 ministrum
787 1016 911 1072 fulminis
924 1017 1020 1071 alitem

465 1103 530 1173 (Cui
542 1120 590 1157 rex
602 1103 719 1156 deorum
731 1118 849 1170 regnum
863 1101 892 1154 in
905 1118 971 1155 aves
983 1116 1069 1170 vagas

501 1186 631 1241 Permisit
644 1194 773 1255 expertus
785 1184 897 1238 fidelem

534 1269 662 1339 Juppiter
674 1269 703 1321 in
718 1266 883 1336 Ganymede
894 1266 978 1335 flavo)

466 1391 542 1446 Olim
552 1390 682 1459 juventas
695 1396 722 1442 et
734 1387 841 1457 patrius
853 1385 934 1456 vigor

466 1474 543 1528 Nido
556 1473 684 1527 laborum
696 1470 817 1540 propulit
830 1469 951 1522 inscium

499 1557 649 1627 Vemique‚
658 1556 719 1624 jam
730 1552 834 1607 nimbis
847 1552 970 1618 remotis,

538 1639 670 1693 Insolitos
683 1638 803 1691 docuere
815 1635 894 1689 nisus

466 1757 550 1812 Venti
563 1765 721 1827 paventem,
733 1771 799 1809 mox
812 1754 841 1808 in
854 1753 939 1808 ovilia

468 1841 589 1895 Demisit
601 1840 712 1893 hostem
723 1837 834 1892 vividus
847 1837 976 1906 impetus,

504 1925 588 1976 Nunc
601 1922 630 1975 in
642 1922 810 1975 reluctantes
823 1920 959 1974 dracones

540 2005 606 2075 Egit
618 2021 698 2058 amor
709 2003 791 2073 dapis
804 2013 888 2074 atque
899 2018 1010 2072 pugnae
1022 2019 1028 2065 ;

470 2126 623 2197 Qualemve
634 2124 715 2178 laetis
728 2135 831 2195 caprea
841 2124 954 2195 pascuis

472 2211 591 2272 Intenta,
604 2207 695 2261 fulvae
707 2207 805 2262 matris
817 2208 854 2261 ab
866 2208 951 2261 ubere

504 2294 568 2361 Jam
579 2292 652 2345 lacte
664 2290 813 2360 depulsum
824 2292 943 2358 leonem,

541 2377 634 2430 Dente
646 2391 718 2429 novo
730 2374 861 2444 peritura,
873 2375 959 2428 vidit:

470 2497 572 2552 Videre
586 2496 682 2550 Raetis
694 2496 769 2550 bella
781 2496 834 2550 sub
846 2496 965 2566 Alpibus

470 2585 594 2636 Drusum
607 2590 750 2650 gerentem
761 2579 900 2634 Vindelici
910 2599 918 2644 ;
937 2578 1038 2650 quibus

507 2666 572 2718 Mos
585 2663 659 2718 unde
672 2662 808 2717 deductus
819 2679 870 2733 per
882 2680 965 2716 omne

540 2748 665 2816 Tempus
676 2746 829 2800 Amazonia
841 2746 930 2800 securi

472 2871 592 2923 Dextras
605 2867 739 2933 obarmet,
751 2882 883 2936 quaerere
896 2865 990 2919 distuli
1001 2884 1008 2930 3

474 2952 534 3005 Nec
548 2950 618 3004 scire
630 2949 673 3003 fas
686 2959 729 3002 est
741 2949 852 3002 omnia:
873 2948 924 3002 sed
935 2947 983 3001 diu

508 3035 630 3103 Lateque
642 3031 769 3086 victrices
782 3041 917 3099 catervae,

544 3114 676 3169 Consiliis
685 3114 796 3183 juvenis
808 3113 936 3181 revictae,

474 3239 591 3290 Sensere
603 3235 671 3305 quid
683 3251 763 3288 mens
775 3233 836 3301 rite,
848 3233 917 3304 quid
929 3232 1036 3287 indoles

475 3319 590 3372 Nutrita
601 3317 699 3372 faustis
712 3318 764 3372 sub
776 3315 964 3387 penetralibus

510 3402 616 3468 Posset,
628 3400 695 3471 quid
707 3399 826 3468 Augusti
838 3408 970 3468 paternus

546 3484 579 3536 ln
592 3500 692 3553 pueros
705 3483 816 3537 animus
829 3483 965 3536 Nerones.
