<?xml version="1.0" encoding="UTF-8"?>
<!DOCTYPE html PUBLIC "-//W3C//DTD XHTML 1.0 Transitional//EN"
    "http://www.w3.org/TR/xhtml1/DTD/xhtml1-transitional.dtd">
<html xmlns="http://www.w3.org/1999/xhtml" xml:lang="en" lang="en">
 <head>
  <title>
</title>
<meta http-equiv="Content-Type" content="text/html;charset=utf-8" />
  <meta name='ocr-system' content='tesseract 3.04.00' />
  <meta name='ocr-capabilities' content='ocr_page ocr_carea ocr_par ocr_line ocrx_word'/>
</head>
<body>
  <div class='ocr_page' id='page_1' title='image "./quintihoratiifl00milmgoog_0198.png"; bbox 0 0 2804 4176; ppageno 0'>
   <div class='ocr_carea' id='block_1_1' title="bbox 458 436 1058 496">
    <p class='ocr_par' dir='ltr' id='par_1_1' title="bbox 458 436 1058 496">
     <span class='ocr_line' id='line_1_1' title="bbox 458 436 1058 496; baseline -0.005 -15"><span class='ocrx_word' id='word_1_1' title='bbox 458 437 551 481; x_wconf 84' lang='lat' dir='ltr'>LIBER</span> <span class='ocrx_word' id='word_1_2' title='bbox 574 437 593 482; x_wconf 86' lang='grc' dir='ltr'>Ι.</span> <span class='ocrx_word' id='word_1_3' title='bbox 640 438 751 482; x_wconf 83' lang='lat' dir='ltr'><strong>SATIRA</strong></span> <span class='ocrx_word' id='word_1_4' title='bbox 774 439 818 481; x_wconf 86' lang='lat'>111.</span> <span class='ocrx_word' id='word_1_5' title='bbox 1002 436 1058 496; x_wconf 79' lang='lat'>175</span> 
     </span>
    </p>
   </div>
   <div class='ocr_carea' id='block_1_2' title="bbox 196 579 1028 2807">
    <p class='ocr_par' dir='ltr' id='par_1_2' title="bbox 198 579 985 1144">
     <span class='ocr_line' id='line_1_2' title="bbox 200 579 985 650; baseline 0 -19"><span class='ocrx_word' id='word_1_6' title='bbox 200 579 295 633; x_wconf 90' lang='lat' dir='ltr'>Tardo</span> <span class='ocrx_word' id='word_1_7' title='bbox 309 596 466 650; x_wconf 87' lang='lat' dir='ltr'><strong>cognomen</strong></span> <span class='ocrx_word' id='word_1_8' title='bbox 478 579 575 650; x_wconf 86' lang='lat' dir='ltr'>pingui</span> <span class='ocrx_word' id='word_1_9' title='bbox 589 580 696 636; x_wconf 90' lang='lat' dir='ltr'>damus.</span> <span class='ocrx_word' id='word_1_10' title='bbox 735 581 791 635; x_wconf 89' lang='lat' dir='ltr'>Hic</span> <span class='ocrx_word' id='word_1_11' title='bbox 804 579 875 649; x_wconf 85' lang='lat' dir='ltr'>fugit</span> <span class='ocrx_word' id='word_1_12' title='bbox 888 595 985 634; x_wconf 91' lang='lat' dir='ltr'>omnes</span> 
     </span>
     <span class='ocr_line' id='line_1_3' title="bbox 201 663 894 734; baseline 0.001 -19"><span class='ocrx_word' id='word_1_13' title='bbox 201 663 332 731; x_wconf 89' lang='lat' dir='ltr'>Insidias,</span> <span class='ocrx_word' id='word_1_14' title='bbox 346 664 470 734; x_wconf 87' lang='lat' dir='ltr'>nullique</span> <span class='ocrx_word' id='word_1_15' title='bbox 482 665 557 718; x_wconf 84' lang='lat' dir='ltr'>malo</span> <span class='ocrx_word' id='word_1_16' title='bbox 570 666 643 719; x_wconf 85' lang='lat' dir='ltr'>latus</span> <span class='ocrx_word' id='word_1_17' title='bbox 656 664 735 718; x_wconf 93' lang='lat' dir='ltr'>obdit</span> <span class='ocrx_word' id='word_1_18' title='bbox 748 673 875 733; x_wconf 89' lang='lat' dir='ltr'>apertum</span> <span class='ocrx_word' id='word_1_19' title='bbox 888 681 894 716; x_wconf 74' lang='grc' dir='ltr'><strong>ι</strong></span> 
     </span>
     <span class='ocr_line' id='line_1_4' title="bbox 199 744 914 814; baseline -0.001 -15"><span class='ocrx_word' id='word_1_20' title='bbox 199 744 284 812; x_wconf 91' lang='lat' dir='ltr'>(Cum</span> <span class='ocrx_word' id='word_1_21' title='bbox 296 763 384 814; x_wconf 87' lang='lat' dir='ltr'>genus</span> <span class='ocrx_word' id='word_1_22' title='bbox 396 746 450 800; x_wconf 93' lang='lat' dir='ltr'>hoc</span> <span class='ocrx_word' id='word_1_23' title='bbox 464 746 536 800; x_wconf 91' lang='lat' dir='ltr'>inter</span> <span class='ocrx_word' id='word_1_24' title='bbox 547 745 622 800; x_wconf 88' lang='lat' dir='ltr'>vitae</span> <span class='ocrx_word' id='word_1_25' title='bbox 634 757 767 814; x_wconf 88' lang='lat' dir='ltr'>versetur,</span> <span class='ocrx_word' id='word_1_26' title='bbox 780 745 828 800; x_wconf 92' lang='lat' dir='ltr'>ubi</span> <span class='ocrx_word' id='word_1_27' title='bbox 841 746 914 799; x_wconf 89' lang='lat' dir='ltr'>acris</span> 
     </span>
     <span class='ocr_line' id='line_1_5' title="bbox 199 827 977 899; baseline 0.003 -19"><span class='ocrx_word' id='word_1_28' title='bbox 199 827 318 896; x_wconf 87' lang='lat' dir='ltr'>Invidia,</span> <span class='ocrx_word' id='word_1_29' title='bbox 331 838 415 899; x_wconf 90' lang='lat' dir='ltr'>atque</span> <span class='ocrx_word' id='word_1_30' title='bbox 426 829 521 898; x_wconf 87' lang='lat' dir='ltr'>vigent</span> <span class='ocrx_word' id='word_1_31' title='bbox 534 828 582 883; x_wconf 91' lang='lat' dir='ltr'>ubi</span> <span class='ocrx_word' id='word_1_32' title='bbox 595 828 723 897; x_wconf 85' lang='lat' dir='ltr'>crimina)</span> <span class='ocrx_word' id='word_1_33' title='bbox 737 846 788 898; x_wconf 93' lang='lat' dir='ltr'>pro</span> <span class='ocrx_word' id='word_1_34' title='bbox 801 829 873 882; x_wconf 87' lang='lat' dir='ltr'>bene</span> <span class='ocrx_word' id='word_1_35' title='bbox 886 845 955 882; x_wconf 92' lang='lat' dir='ltr'>sano</span> <span class='ocrx_word' id='word_1_36' title='bbox 975 891 977 895; x_wconf 23' lang='lat'><strong>¹</strong></span> 
     </span>
     <span class='ocr_line' id='line_1_6' title="bbox 198 911 888 982; baseline 0.001 -19"><span class='ocrx_word' id='word_1_37' title='bbox 198 912 238 963; x_wconf 89' lang='lat' dir='ltr'>Ac</span> <span class='ocrx_word' id='word_1_38' title='bbox 251 927 309 964; x_wconf 91' lang='lat' dir='ltr'>non</span> <span class='ocrx_word' id='word_1_39' title='bbox 322 911 434 965; x_wconf 92' lang='lat' dir='ltr'>incauto</span> <span class='ocrx_word' id='word_1_40' title='bbox 447 911 543 965; x_wconf 90' lang='lat' dir='ltr'>fictum</span> <span class='ocrx_word' id='word_1_41' title='bbox 556 921 734 982; x_wconf 87' lang='lat' dir='ltr'>astutumque</span> <span class='ocrx_word' id='word_1_42' title='bbox 747 927 888 964; x_wconf 89' lang='lat' dir='ltr'>vocamus.</span> 
     </span>
     <span class='ocr_line' id='line_1_7' title="bbox 198 992 949 1064; baseline 0 -18"><span class='ocrx_word' id='word_1_43' title='bbox 198 993 359 1062; x_wconf 89' lang='lat' dir='ltr'>Simplicior</span> <span class='ocrx_word' id='word_1_44' title='bbox 371 995 434 1064; x_wconf 93' lang='lat' dir='ltr'>quis</span> <span class='ocrx_word' id='word_1_45' title='bbox 446 1003 474 1047; x_wconf 93' lang='lat' dir='ltr'>et</span> <span class='ocrx_word' id='word_1_46' title='bbox 487 1003 537 1061; x_wconf 89' lang='lat' dir='ltr'>est,</span> <span class='ocrx_word' id='word_1_47' title='bbox 550 995 662 1064; x_wconf 86' lang='lat' dir='ltr'>qualem</span> <span class='ocrx_word' id='word_1_48' title='bbox 674 1010 720 1047; x_wconf 90' lang='lat' dir='ltr'>me</span> <span class='ocrx_word' id='word_1_49' title='bbox 733 1010 817 1062; x_wconf 82' lang='lat' dir='ltr'>saepe</span> <span class='ocrx_word' id='word_1_50' title='bbox 829 992 949 1046; x_wconf 88' lang='lat' dir='ltr'>libenter</span> 
     </span>
     <span class='ocr_line' id='line_1_8' title="bbox 198 1075 885 1144; baseline -0.001 -15"><span class='ocrx_word' id='word_1_51' title='bbox 198 1076 355 1129; x_wconf 90' lang='lat' dir='ltr'>Obtulerim</span> <span class='ocrx_word' id='word_1_52' title='bbox 368 1077 428 1143; x_wconf 93' lang='lat' dir='ltr'>tibi,</span> <span class='ocrx_word' id='word_1_53' title='bbox 443 1078 604 1143; x_wconf 86' lang='lat' dir='ltr'>Maecenas,</span> <span class='ocrx_word' id='word_1_54' title='bbox 617 1085 647 1130; x_wconf 91' lang='lat' dir='ltr'>ut</span> <span class='ocrx_word' id='word_1_55' title='bbox 661 1075 733 1130; x_wconf 81' lang='lat' dir='ltr'>sorte</span> <span class='ocrx_word' id='word_1_56' title='bbox 744 1077 885 1144; x_wconf 88' lang='lat' dir='ltr'>legentem</span> 
     </span>
    </p>

    <p class='ocr_par' dir='ltr' id='par_1_3' title="bbox 197 1158 1028 1725">
     <span class='ocr_line' id='line_1_9' title="bbox 197 1158 939 1229; baseline 0.001 -18"><span class='ocrx_word' id='word_1_57' title='bbox 197 1159 255 1212; x_wconf 87' lang='lat' dir='ltr'>Aut</span> <span class='ocrx_word' id='word_1_58' title='bbox 266 1158 384 1212; x_wconf 90' lang='lat' dir='ltr'>tacitum</span> <span class='ocrx_word' id='word_1_59' title='bbox 397 1159 522 1228; x_wconf 87' lang='lat' dir='ltr'>impellat</span> <span class='ocrx_word' id='word_1_60' title='bbox 535 1158 633 1229; x_wconf 89' lang='lat' dir='ltr'>quovis</span> <span class='ocrx_word' id='word_1_61' title='bbox 647 1175 775 1212; x_wconf 88' lang='lat' dir='ltr'>sermone</span> <span class='ocrx_word' id='word_1_62' title='bbox 787 1159 939 1212; x_wconf 88' lang='lat' dir='ltr'>molestus:</span> 
     </span>
     <span class='ocr_line' id='line_1_10' title="bbox 198 1241 924 1312; baseline 0 -18"><span class='ocrx_word' id='word_1_63' title='bbox 198 1242 347 1295; x_wconf 90' lang='lat' dir='ltr'>Communi</span> <span class='ocrx_word' id='word_1_64' title='bbox 361 1259 445 1295; x_wconf 89' lang='lat' dir='ltr'>sensu</span> <span class='ocrx_word' id='word_1_65' title='bbox 458 1243 542 1310; x_wconf 91' lang='lat' dir='ltr'>plane</span> <span class='ocrx_word' id='word_1_66' title='bbox 556 1250 641 1309; x_wconf 91' lang='lat' dir='ltr'>caret,</span> <span class='ocrx_word' id='word_1_67' title='bbox 654 1241 803 1312; x_wconf 90' lang='lat' dir='ltr'>inquimus.</span> <span class='ocrx_word' id='word_1_68' title='bbox 842 1241 924 1294; x_wconf 90' lang='lat' dir='ltr'>Eheu</span> 
     </span>
     <span class='ocr_line' id='line_1_11' title="bbox 199 1323 991 1394; baseline 0 -18"><span class='ocrx_word' id='word_1_69' title='bbox 199 1324 292 1392; x_wconf 84' lang='lat' dir='ltr'>Quam</span> <span class='ocrx_word' id='word_1_70' title='bbox 304 1333 410 1378; x_wconf 88' lang='lat' dir='ltr'>temere</span> <span class='ocrx_word' id='word_1_71' title='bbox 423 1324 452 1376; x_wconf 90' lang='lat' dir='ltr'>in</span> <span class='ocrx_word' id='word_1_72' title='bbox 465 1333 576 1378; x_wconf 90' lang='lat' dir='ltr'>nosmet</span> <span class='ocrx_word' id='word_1_73' title='bbox 589 1325 680 1394; x_wconf 86' lang='lat' dir='ltr'>legem</span> <span class='ocrx_word' id='word_1_74' title='bbox 694 1323 835 1377; x_wconf 89' lang='lat' dir='ltr'>sancimus</span> <span class='ocrx_word' id='word_1_75' title='bbox 848 1323 991 1394; x_wconf 88' lang='lat' dir='ltr'>iniquam!</span> 
     </span>
     <span class='ocr_line' id='line_1_12' title="bbox 199 1406 954 1476; baseline 0.001 -17"><span class='ocrx_word' id='word_1_76' title='bbox 199 1407 275 1459; x_wconf 89' lang='lat' dir='ltr'>Nam</span> <span class='ocrx_word' id='word_1_77' title='bbox 288 1406 362 1460; x_wconf 91' lang='lat' dir='ltr'>vitiis</span> <span class='ocrx_word' id='word_1_78' title='bbox 375 1424 459 1460; x_wconf 90' lang='lat' dir='ltr'>nemo</span> <span class='ocrx_word' id='word_1_79' title='bbox 473 1407 534 1460; x_wconf 87' lang='lat' dir='ltr'>sine</span> <span class='ocrx_word' id='word_1_80' title='bbox 546 1407 671 1461; x_wconf 91' lang='lat' dir='ltr'>nascitur</span> <span class='ocrx_word' id='word_1_81' title='bbox 683 1426 690 1472; x_wconf 93' lang='lat'>;</span> <span class='ocrx_word' id='word_1_82' title='bbox 710 1407 832 1476; x_wconf 92' lang='lat' dir='ltr'>optimus</span> <span class='ocrx_word' id='word_1_83' title='bbox 845 1406 891 1460; x_wconf 92' lang='lat' dir='ltr'>ille</span> <span class='ocrx_word' id='word_1_84' title='bbox 903 1415 954 1474; x_wconf 92' lang='lat' dir='ltr'>est,</span> 
     </span>
     <span class='ocr_line' id='line_1_13' title="bbox 198 1488 1028 1560; baseline 0.001 -18"><span class='ocrx_word' id='word_1_85' title='bbox 198 1488 252 1557; x_wconf 84' lang='lat' dir='ltr'>Qui</span> <span class='ocrx_word' id='word_1_86' title='bbox 266 1489 390 1542; x_wconf 91' lang='lat' dir='ltr'>minimis</span> <span class='ocrx_word' id='word_1_87' title='bbox 404 1498 523 1558; x_wconf 87' lang='lat' dir='ltr'>urgetur.</span> <span class='ocrx_word' id='word_1_88' title='bbox 561 1489 677 1543; x_wconf 90' lang='lat' dir='ltr'>Amicus</span> <span class='ocrx_word' id='word_1_89' title='bbox 690 1489 788 1556; x_wconf 90' lang='lat' dir='ltr'>dulcis,</span> <span class='ocrx_word' id='word_1_90' title='bbox 801 1497 831 1543; x_wconf 92' lang='lat' dir='ltr'>ut</span> <span class='ocrx_word' id='word_1_91' title='bbox 844 1506 965 1560; x_wconf 89' lang='lat' dir='ltr'>aequum</span> <span class='ocrx_word' id='word_1_92' title='bbox 977 1499 1028 1555; x_wconf 89' lang='lat' dir='ltr'>est,</span> 
     </span>
     <span class='ocr_line' id='line_1_14' title="bbox 202 1572 939 1642; baseline 0.001 -16"><span class='ocrx_word' id='word_1_93' title='bbox 202 1574 273 1626; x_wconf 90' lang='lat' dir='ltr'>Cum</span> <span class='ocrx_word' id='word_1_94' title='bbox 285 1589 350 1626; x_wconf 86' lang='lat' dir='ltr'>mea</span> <span class='ocrx_word' id='word_1_95' title='bbox 363 1581 526 1642; x_wconf 90' lang='lat' dir='ltr'>compenset</span> <span class='ocrx_word' id='word_1_96' title='bbox 539 1572 613 1626; x_wconf 89' lang='lat' dir='ltr'>vitiis</span> <span class='ocrx_word' id='word_1_97' title='bbox 626 1573 710 1640; x_wconf 89' lang='lat' dir='ltr'>bona,</span> <span class='ocrx_word' id='word_1_98' title='bbox 723 1573 849 1642; x_wconf 93' lang='lat' dir='ltr'>pluribus</span> <span class='ocrx_word' id='word_1_99' title='bbox 862 1573 939 1627; x_wconf 88' lang='lat' dir='ltr'>hisce</span> 
     </span>
     <span class='ocr_line' id='line_1_15' title="bbox 197 1654 925 1725; baseline 0 -17"><span class='ocrx_word' id='word_1_100' title='bbox 197 1655 239 1718; x_wconf 92' lang='lat' dir='ltr'>(Si</span> <span class='ocrx_word' id='word_1_101' title='bbox 252 1655 337 1709; x_wconf 92' lang='lat' dir='ltr'>modo</span> <span class='ocrx_word' id='word_1_102' title='bbox 349 1656 430 1725; x_wconf 92' lang='lat' dir='ltr'>plura</span> <span class='ocrx_word' id='word_1_103' title='bbox 441 1655 511 1708; x_wconf 90' lang='lat' dir='ltr'>mihi</span> <span class='ocrx_word' id='word_1_104' title='bbox 523 1655 600 1708; x_wconf 88' lang='lat' dir='ltr'>bona</span> <span class='ocrx_word' id='word_1_105' title='bbox 612 1655 688 1724; x_wconf 88' lang='lat' dir='ltr'>sunt)</span> <span class='ocrx_word' id='word_1_106' title='bbox 701 1654 824 1723; x_wconf 90' lang='lat' dir='ltr'>inclinet,</span> <span class='ocrx_word' id='word_1_107' title='bbox 837 1655 925 1708; x_wconf 87' lang='lat' dir='ltr'>amari</span> 
     </span>
    </p>

    <p class='ocr_par' dir='ltr' id='par_1_4' title="bbox 196 1738 891 1808">
     <span class='ocr_line' id='line_1_16' title="bbox 196 1738 891 1808; baseline 0.003 -16"><span class='ocrx_word' id='word_1_108' title='bbox 196 1738 226 1792; x_wconf 92' lang='lat' dir='ltr'>Si</span> <span class='ocrx_word' id='word_1_109' title='bbox 239 1740 330 1793; x_wconf 87' lang='lat' dir='ltr'>volet:</span> <span class='ocrx_word' id='word_1_110' title='bbox 350 1739 403 1793; x_wconf 92' lang='lat' dir='ltr'>hac</span> <span class='ocrx_word' id='word_1_111' title='bbox 416 1740 477 1808; x_wconf 85' lang='lat' dir='ltr'>lege</span> <span class='ocrx_word' id='word_1_112' title='bbox 492 1738 520 1791; x_wconf 92' lang='lat' dir='ltr'>in</span> <span class='ocrx_word' id='word_1_113' title='bbox 533 1739 639 1792; x_wconf 86' lang='lat' dir='ltr'>trutina</span> <span class='ocrx_word' id='word_1_114' title='bbox 651 1748 771 1807; x_wconf 91' lang='lat' dir='ltr'>ponetur</span> <span class='ocrx_word' id='word_1_115' title='bbox 783 1738 891 1794; x_wconf 89' lang='lat' dir='ltr'>eadem.</span> 
     </span>
    </p>

    <p class='ocr_par' dir='ltr' id='par_1_5' title="bbox 196 1821 934 2389">
     <span class='ocr_line' id='line_1_17' title="bbox 197 1821 883 1892; baseline -0.001 -16"><span class='ocrx_word' id='word_1_116' title='bbox 197 1822 260 1892; x_wconf 85' lang='lat' dir='ltr'>Qui,</span> <span class='ocrx_word' id='word_1_117' title='bbox 273 1839 309 1876; x_wconf 90' lang='lat' dir='ltr'>ne</span> <span class='ocrx_word' id='word_1_118' title='bbox 321 1822 467 1877; x_wconf 88' lang='lat' dir='ltr'>tuberibus</span> <span class='ocrx_word' id='word_1_119' title='bbox 479 1822 599 1892; x_wconf 88' lang='lat' dir='ltr'>propriis</span> <span class='ocrx_word' id='word_1_120' title='bbox 613 1821 738 1876; x_wconf 83' lang='lat' dir='ltr'>offendat</span> <span class='ocrx_word' id='word_1_121' title='bbox 752 1822 883 1888; x_wconf 86' lang='lat' dir='ltr'>amicum,</span> 
     </span>
     <span class='ocr_line' id='line_1_18' title="bbox 196 1906 930 1977; baseline 0 -18"><span class='ocrx_word' id='word_1_122' title='bbox 196 1907 331 1973; x_wconf 88' lang='lat' dir='ltr'>Postulat,</span> <span class='ocrx_word' id='word_1_123' title='bbox 344 1907 470 1976; x_wconf 86' lang='lat' dir='ltr'>ignoscet</span> <span class='ocrx_word' id='word_1_124' title='bbox 482 1907 605 1960; x_wconf 89' lang='lat' dir='ltr'>verrucis</span> <span class='ocrx_word' id='word_1_125' title='bbox 619 1906 703 1960; x_wconf 81' lang='lat' dir='ltr'>illius·</span> <span class='ocrx_word' id='word_1_126' title='bbox 738 1907 868 1977; x_wconf 91' lang='lat' dir='ltr'>Aequum</span> <span class='ocrx_word' id='word_1_127' title='bbox 880 1914 930 1974; x_wconf 92' lang='lat' dir='ltr'>est,</span> 
     </span>
     <span class='ocr_line' id='line_1_19' title="bbox 196 1988 870 2059; baseline 0.003 -19"><span class='ocrx_word' id='word_1_128' title='bbox 196 1988 323 2042; x_wconf 88' lang='lat' dir='ltr'>Peccatis</span> <span class='ocrx_word' id='word_1_129' title='bbox 335 1989 448 2042; x_wconf 90' lang='lat' dir='ltr'>veniam</span> <span class='ocrx_word' id='word_1_130' title='bbox 460 1998 624 2059; x_wconf 91' lang='lat' dir='ltr'>poscentem</span> <span class='ocrx_word' id='word_1_131' title='bbox 636 1988 753 2043; x_wconf 90' lang='lat' dir='ltr'>reddere</span> <span class='ocrx_word' id='word_1_132' title='bbox 766 2005 870 2042; x_wconf 83' lang='lat' dir='ltr'>rursus.</span> 
     </span>
     <span class='ocr_line' id='line_1_20' title="bbox 199 2071 902 2141; baseline 0.001 -18"><span class='ocrx_word' id='word_1_133' title='bbox 199 2071 336 2141; x_wconf 89' lang='lat' dir='ltr'>Denique,</span> <span class='ocrx_word' id='word_1_134' title='bbox 350 2081 486 2141; x_wconf 88' lang='lat' dir='ltr'>quatenus</span> <span class='ocrx_word' id='word_1_135' title='bbox 500 2072 589 2125; x_wconf 90' lang='lat' dir='ltr'>excidi</span> <span class='ocrx_word' id='word_1_136' title='bbox 602 2072 713 2141; x_wconf 92' lang='lat' dir='ltr'>penitus</span> <span class='ocrx_word' id='word_1_137' title='bbox 725 2072 824 2126; x_wconf 89' lang='lat' dir='ltr'>vitium</span> <span class='ocrx_word' id='word_1_138' title='bbox 837 2071 902 2138; x_wconf 89' lang='lat' dir='ltr'>irae,</span> 
     </span>
     <span class='ocr_line' id='line_1_21' title="bbox 199 2154 934 2224; baseline -0.001 -16"><span class='ocrx_word' id='word_1_139' title='bbox 199 2155 298 2208; x_wconf 90' lang='lat' dir='ltr'>Cetera</span> <span class='ocrx_word' id='word_1_140' title='bbox 311 2154 379 2207; x_wconf 93' lang='lat' dir='ltr'>item</span> <span class='ocrx_word' id='word_1_141' title='bbox 390 2165 532 2224; x_wconf 91' lang='lat' dir='ltr'>nequeunt</span> <span class='ocrx_word' id='word_1_142' title='bbox 545 2154 637 2209; x_wconf 90' lang='lat' dir='ltr'>stultis</span> <span class='ocrx_word' id='word_1_143' title='bbox 649 2155 802 2222; x_wconf 88' lang='lat' dir='ltr'>haerentia,</span> <span class='ocrx_word' id='word_1_144' title='bbox 816 2171 865 2208; x_wconf 92' lang='lat' dir='ltr'>cur</span> <span class='ocrx_word' id='word_1_145' title='bbox 876 2171 934 2208; x_wconf 91' lang='lat' dir='ltr'>non</span> 
     </span>
     <span class='ocr_line' id='line_1_22' title="bbox 197 2236 928 2307; baseline 0.004 -19"><span class='ocrx_word' id='word_1_146' title='bbox 197 2236 372 2290; x_wconf 90' lang='lat' dir='ltr'>Ponderibus</span> <span class='ocrx_word' id='word_1_147' title='bbox 385 2237 562 2307; x_wconf 91' lang='lat' dir='ltr'>modulisque</span> <span class='ocrx_word' id='word_1_148' title='bbox 576 2237 633 2290; x_wconf 91' lang='lat' dir='ltr'>suis</span> <span class='ocrx_word' id='word_1_149' title='bbox 646 2238 717 2291; x_wconf 90' lang='lat' dir='ltr'>ratio</span> <span class='ocrx_word' id='word_1_150' title='bbox 731 2237 824 2305; x_wconf 90' lang='lat' dir='ltr'>utitur,</span> <span class='ocrx_word' id='word_1_151' title='bbox 838 2254 875 2294; x_wconf 85' lang='lat' dir='ltr'>ac</span> <span class='ocrx_word' id='word_1_152' title='bbox 884 2254 928 2291; x_wconf 93' lang='lat' dir='ltr'>res</span> 
     </span>
     <span class='ocr_line' id='line_1_23' title="bbox 197 2318 907 2389; baseline 0 -17"><span class='ocrx_word' id='word_1_153' title='bbox 197 2320 239 2372; x_wconf 92' lang='lat' dir='ltr'>Ut</span> <span class='ocrx_word' id='word_1_154' title='bbox 252 2335 378 2389; x_wconf 92' lang='lat' dir='ltr'>quaeque</span> <span class='ocrx_word' id='word_1_155' title='bbox 391 2328 441 2386; x_wconf 90' lang='lat' dir='ltr'>est,</span> <span class='ocrx_word' id='word_1_156' title='bbox 454 2318 495 2372; x_wconf 87' lang='lat' dir='ltr'>ita</span> <span class='ocrx_word' id='word_1_157' title='bbox 507 2319 651 2388; x_wconf 90' lang='lat' dir='ltr'>suppliciis</span> <span class='ocrx_word' id='word_1_158' title='bbox 664 2319 767 2373; x_wconf 91' lang='lat' dir='ltr'>delicta</span> <span class='ocrx_word' id='word_1_159' title='bbox 779 2320 907 2373; x_wconf 75' lang='lat' dir='ltr'>coercet?</span> 
     </span>
    </p>

    <p class='ocr_par' dir='ltr' id='par_1_6' title="bbox 198 2401 931 2556">
     <span class='ocr_line' id='line_1_24' title="bbox 198 2401 931 2473; baseline -0.003 -16"><span class='ocrx_word' id='word_1_160' title='bbox 198 2402 229 2457; x_wconf 90' lang='lat' dir='ltr'>Si</span> <span class='ocrx_word' id='word_1_161' title='bbox 243 2401 305 2472; x_wconf 90' lang='lat' dir='ltr'>quis</span> <span class='ocrx_word' id='word_1_162' title='bbox 321 2419 385 2456; x_wconf 91' lang='lat' dir='ltr'>eum</span> <span class='ocrx_word' id='word_1_163' title='bbox 398 2419 517 2469; x_wconf 91' lang='lat' dir='ltr'>servum,</span> <span class='ocrx_word' id='word_1_164' title='bbox 530 2403 657 2471; x_wconf 89' lang='lat' dir='ltr'>patinam</span> <span class='ocrx_word' id='word_1_165' title='bbox 670 2403 717 2473; x_wconf 93' lang='lat' dir='ltr'>qui</span> <span class='ocrx_word' id='word_1_166' title='bbox 730 2403 827 2456; x_wconf 88' lang='lat' dir='ltr'>tollere</span> <span class='ocrx_word' id='word_1_167' title='bbox 836 2402 931 2472; x_wconf 90' lang='lat' dir='ltr'>jussus</span> 
     </span>
     <span class='ocr_line' id='line_1_25' title="bbox 202 2484 843 2556; baseline -0.003 -16"><span class='ocrx_word' id='word_1_168' title='bbox 202 2487 332 2540; x_wconf 90' lang='lat' dir='ltr'>Semesos</span> <span class='ocrx_word' id='word_1_169' title='bbox 344 2485 436 2554; x_wconf 91' lang='lat' dir='ltr'>pisces</span> <span class='ocrx_word' id='word_1_170' title='bbox 450 2485 631 2556; x_wconf 92' lang='lat' dir='ltr'>tepidumque</span> <span class='ocrx_word' id='word_1_171' title='bbox 643 2484 778 2554; x_wconf 81' lang='lat' dir='ltr'>ligurierit</span> <span class='ocrx_word' id='word_1_172' title='bbox 787 2485 843 2554; x_wconf 89' lang='lat' dir='ltr'>jus,</span> 
     </span>
    </p>

    <p class='ocr_par' dir='ltr' id='par_1_7' title="bbox 199 2568 828 2638">
     <span class='ocr_line' id='line_1_26' title="bbox 199 2568 828 2638; baseline -0.002 -16"><span class='ocrx_word' id='word_1_173' title='bbox 199 2571 232 2622; x_wconf 92' lang='lat' dir='ltr'>ln</span> <span class='ocrx_word' id='word_1_174' title='bbox 245 2586 327 2623; x_wconf 93' lang='lat' dir='ltr'>cruce</span> <span class='ocrx_word' id='word_1_175' title='bbox 340 2569 459 2638; x_wconf 87' lang='lat' dir='ltr'>suffigat,</span> <span class='ocrx_word' id='word_1_176' title='bbox 474 2569 605 2623; x_wconf 91' lang='lat' dir='ltr'>Labeone</span> <span class='ocrx_word' id='word_1_177' title='bbox 618 2568 742 2622; x_wconf 88' lang='lat' dir='ltr'>insanior</span> <span class='ocrx_word' id='word_1_178' title='bbox 755 2568 828 2621; x_wconf 90' lang='lat' dir='ltr'>inter</span> 
     </span>
    </p>

    <p class='ocr_par' dir='ltr' id='par_1_8' title="bbox 199 2651 960 2807">
     <span class='ocr_line' id='line_1_27' title="bbox 199 2651 878 2722; baseline -0.006 -14"><span class='ocrx_word' id='word_1_179' title='bbox 199 2654 289 2708; x_wconf 90' lang='lat' dir='ltr'>Sanos</span> <span class='ocrx_word' id='word_1_180' title='bbox 303 2652 420 2706; x_wconf 89' lang='lat' dir='ltr'>dicatur.</span> <span class='ocrx_word' id='word_1_181' title='bbox 459 2654 572 2722; x_wconf 82' lang='lat' dir='ltr'>Quanto</span> <span class='ocrx_word' id='word_1_182' title='bbox 584 2653 638 2706; x_wconf 93' lang='lat' dir='ltr'>hoc</span> <span class='ocrx_word' id='word_1_183' title='bbox 652 2651 781 2706; x_wconf 81' lang='lat' dir='ltr'>furiosius</span> <span class='ocrx_word' id='word_1_184' title='bbox 794 2660 878 2721; x_wconf 91' lang='lat' dir='ltr'>atque</span> 
     </span>
     <span class='ocr_line' id='line_1_28' title="bbox 199 2733 960 2807; baseline -0.005 -17"><span class='ocrx_word' id='word_1_185' title='bbox 199 2738 293 2807; x_wconf 88' lang='lat' dir='ltr'>Majus</span> <span class='ocrx_word' id='word_1_186' title='bbox 306 2747 454 2807; x_wconf 89' lang='lat' dir='ltr'>peccatum</span> <span class='ocrx_word' id='word_1_187' title='bbox 467 2738 526 2790; x_wconf 90' lang='lat' dir='ltr'>est!</span> <span class='ocrx_word' id='word_1_188' title='bbox 564 2737 693 2790; x_wconf 86' lang='lat' dir='ltr'>Paullum</span> <span class='ocrx_word' id='word_1_189' title='bbox 706 2734 822 2805; x_wconf 89' lang='lat' dir='ltr'>deliquit</span> <span class='ocrx_word' id='word_1_190' title='bbox 834 2733 941 2787; x_wconf 89' lang='lat' dir='ltr'>amicus</span> <span class='ocrx_word' id='word_1_191' title='bbox 954 2753 960 2798; x_wconf 81' lang='lat'>3</span> 
     </span>
    </p>
   </div>
   <div class='ocr_carea' id='block_1_3' title="bbox 198 2817 1001 3303">
    <p class='ocr_par' dir='ltr' id='par_1_9' title="bbox 198 2817 946 2972">
     <span class='ocr_line' id='line_1_29' title="bbox 198 2817 946 2890; baseline -0.007 -15"><span class='ocrx_word' id='word_1_192' title='bbox 198 2821 293 2890; x_wconf 83' lang='lat' dir='ltr'>(Quod</span> <span class='ocrx_word' id='word_1_193' title='bbox 305 2820 359 2874; x_wconf 92' lang='lat' dir='ltr'>nisi</span> <span class='ocrx_word' id='word_1_194' title='bbox 373 2820 519 2888; x_wconf 84' lang='lat' dir='ltr'>concedas,</span> <span class='ocrx_word' id='word_1_195' title='bbox 532 2818 654 2874; x_wconf 86' lang='lat' dir='ltr'>habeare</span> <span class='ocrx_word' id='word_1_196' title='bbox 667 2817 798 2886; x_wconf 85' lang='lat' dir='ltr'>insuavis,</span> <span class='ocrx_word' id='word_1_197' title='bbox 809 2817 946 2885; x_wconf 72' lang='lat' dir='ltr'>acerbus)</span> 
     </span>
     <span class='ocr_line' id='line_1_30' title="bbox 199 2901 847 2972; baseline -0.006 -14"><span class='ocrx_word' id='word_1_198' title='bbox 199 2903 293 2958; x_wconf 90' lang='lat' dir='ltr'>Odisti</span> <span class='ocrx_word' id='word_1_199' title='bbox 306 2914 334 2958; x_wconf 93' lang='lat' dir='ltr'>et</span> <span class='ocrx_word' id='word_1_200' title='bbox 345 2903 427 2972; x_wconf 87' lang='lat' dir='ltr'>fugis,</span> <span class='ocrx_word' id='word_1_201' title='bbox 443 2912 473 2957; x_wconf 90' lang='lat' dir='ltr'>ut</span> <span class='ocrx_word' id='word_1_202' title='bbox 487 2905 630 2956; x_wconf 91' lang='lat' dir='ltr'>Rusonem</span> <span class='ocrx_word' id='word_1_203' title='bbox 643 2901 754 2956; x_wconf 90' lang='lat' dir='ltr'>debitor</span> <span class='ocrx_word' id='word_1_204' title='bbox 766 2901 847 2967; x_wconf 87' lang='lat' dir='ltr'>aeris,</span> 
     </span>
    </p>

    <p class='ocr_par' dir='ltr' id='par_1_10' title="bbox 199 2982 1001 3303">
     <span class='ocr_line' id='line_1_31' title="bbox 201 2982 918 3055; baseline -0.006 -15"><span class='ocrx_word' id='word_1_205' title='bbox 201 2987 264 3055; x_wconf 84' lang='lat' dir='ltr'>Qui,</span> <span class='ocrx_word' id='word_1_206' title='bbox 278 2986 340 3054; x_wconf 91' lang='lat' dir='ltr'>nisi,</span> <span class='ocrx_word' id='word_1_207' title='bbox 353 3003 418 3040; x_wconf 92' lang='lat' dir='ltr'>cum</span> <span class='ocrx_word' id='word_1_208' title='bbox 431 2986 523 3039; x_wconf 89' lang='lat' dir='ltr'>tristes</span> <span class='ocrx_word' id='word_1_209' title='bbox 536 2985 638 3038; x_wconf 87' lang='lat' dir='ltr'>misero</span> <span class='ocrx_word' id='word_1_210' title='bbox 651 3001 751 3038; x_wconf 89' lang='lat' dir='ltr'>venere</span> <span class='ocrx_word' id='word_1_211' title='bbox 766 2982 918 3050; x_wconf 86' lang='lat' dir='ltr'>Kalendae,</span> 
     </span>
     <span class='ocr_line' id='line_1_32' title="bbox 199 3067 1001 3134; baseline -0.002 -12"><span class='ocrx_word' id='word_1_212' title='bbox 199 3068 361 3123; x_wconf 89' lang='lat' dir='ltr'>Mercedem</span> <span class='ocrx_word' id='word_1_213' title='bbox 375 3077 422 3123; x_wconf 92' lang='lat' dir='ltr'>aut</span> <span class='ocrx_word' id='word_1_214' title='bbox 435 3085 565 3122; x_wconf 91' lang='lat' dir='ltr'>nummos</span> <span class='ocrx_word' id='word_1_215' title='bbox 578 3067 652 3122; x_wconf 88' lang='lat' dir='ltr'>unde</span> <span class='ocrx_word' id='word_1_216' title='bbox 665 3067 739 3121; x_wconf 91' lang='lat' dir='ltr'>unde</span> <span class='ocrx_word' id='word_1_217' title='bbox 752 3067 877 3134; x_wconf 85' lang='lat' dir='ltr'>extricat,</span> <span class='ocrx_word' id='word_1_218' title='bbox 890 3083 1001 3120; x_wconf 85' lang='lat' dir='ltr'>amaras</span> 
     </span>
     <span class='ocr_line' id='line_1_33' title="bbox 199 3148 881 3222; baseline -0.004 -15"><span class='ocrx_word' id='word_1_219' title='bbox 199 3154 330 3207; x_wconf 90' lang='lat' dir='ltr'>Porrecto</span> <span class='ocrx_word' id='word_1_220' title='bbox 340 3153 438 3222; x_wconf 85' lang='lat' dir='ltr'>jugulo</span> <span class='ocrx_word' id='word_1_221' title='bbox 450 3151 590 3219; x_wconf 90' lang='lat' dir='ltr'>historias,</span> <span class='ocrx_word' id='word_1_222' title='bbox 603 3151 730 3220; x_wconf 85' lang='lat' dir='ltr'>captivus</span> <span class='ocrx_word' id='word_1_223' title='bbox 743 3159 782 3217; x_wconf 93' lang='lat' dir='ltr'>ut,</span> <span class='ocrx_word' id='word_1_224' title='bbox 796 3148 881 3204; x_wconf 88' lang='lat' dir='ltr'>audit.</span> 
     </span>
     <span class='ocr_line' id='line_1_34' title="bbox 200 3233 873 3303; baseline -0.004 -14"><span class='ocrx_word' id='word_1_225' title='bbox 200 3235 369 3290; x_wconf 89' lang='lat' dir='ltr'>Comminxit</span> <span class='ocrx_word' id='word_1_226' title='bbox 382 3236 486 3289; x_wconf 87' lang='lat' dir='ltr'>lectum</span> <span class='ocrx_word' id='word_1_227' title='bbox 498 3244 590 3303; x_wconf 91' lang='lat' dir='ltr'>potus,</span> <span class='ocrx_word' id='word_1_228' title='bbox 602 3251 735 3288; x_wconf 91' lang='lat' dir='ltr'>mensave</span> <span class='ocrx_word' id='word_1_229' title='bbox 748 3233 873 3287; x_wconf 87' lang='lat' dir='ltr'>catillum</span> 
     </span>
    </p>
   </div>
   <div class='ocr_carea' id='block_1_4' title="bbox 197 3317 1060 3554">
    <p class='ocr_par' dir='ltr' id='par_1_11' title="bbox 197 3317 1060 3554">
     <span class='ocr_line' id='line_1_35' title="bbox 199 3317 931 3386; baseline -0.003 -15"><span class='ocrx_word' id='word_1_230' title='bbox 199 3317 324 3371; x_wconf 91' lang='lat' dir='ltr'>Euandri</span> <span class='ocrx_word' id='word_1_231' title='bbox 336 3318 467 3371; x_wconf 90' lang='lat' dir='ltr'>manibus</span> <span class='ocrx_word' id='word_1_232' title='bbox 480 3317 577 3371; x_wconf 92' lang='lat' dir='ltr'>tritum</span> <span class='ocrx_word' id='word_1_233' title='bbox 590 3317 690 3386; x_wconf 86' lang='lat' dir='ltr'>dejecit</span> <span class='ocrx_word' id='word_1_234' title='bbox 702 3336 709 3382; x_wconf 92' lang='lat'>;</span> <span class='ocrx_word' id='word_1_235' title='bbox 728 3317 764 3370; x_wconf 94' lang='lat' dir='ltr'>ob</span> <span class='ocrx_word' id='word_1_236' title='bbox 777 3317 851 3370; x_wconf 85' lang='lat' dir='ltr'>hanc</span> <span class='ocrx_word' id='word_1_237' title='bbox 863 3332 931 3383; x_wconf 91' lang='lat' dir='ltr'>rem,</span> 
     </span>
     <span class='ocr_line' id='line_1_36' title="bbox 197 3399 970 3472; baseline 0 -18"><span class='ocrx_word' id='word_1_238' title='bbox 197 3402 254 3455; x_wconf 90' lang='lat' dir='ltr'>Aut</span> <span class='ocrx_word' id='word_1_239' title='bbox 266 3402 389 3471; x_wconf 90' lang='lat' dir='ltr'>positum</span> <span class='ocrx_word' id='word_1_240' title='bbox 401 3412 466 3456; x_wconf 87' lang='lat' dir='ltr'>ante</span> <span class='ocrx_word' id='word_1_241' title='bbox 478 3418 543 3455; x_wconf 90' lang='lat' dir='ltr'>mea</span> <span class='ocrx_word' id='word_1_242' title='bbox 555 3401 621 3472; x_wconf 87' lang='lat' dir='ltr'>quia</span> <span class='ocrx_word' id='word_1_243' title='bbox 632 3402 740 3471; x_wconf 92' lang='lat' dir='ltr'>pullum</span> <span class='ocrx_word' id='word_1_244' title='bbox 752 3400 781 3453; x_wconf 91' lang='lat' dir='ltr'>in</span> <span class='ocrx_word' id='word_1_245' title='bbox 793 3410 872 3469; x_wconf 88' lang='lat' dir='ltr'>parte</span> <span class='ocrx_word' id='word_1_246' title='bbox 885 3399 970 3454; x_wconf 88' lang='lat' dir='ltr'>catini</span> 
     </span>
     <span class='ocr_line' id='line_1_37' title="bbox 200 3483 1060 3554; baseline -0.002 -15"><span class='ocrx_word' id='word_1_247' title='bbox 200 3485 316 3540; x_wconf 89' lang='lat' dir='ltr'>Sustulit</span> <span class='ocrx_word' id='word_1_248' title='bbox 329 3485 461 3554; x_wconf 90' lang='lat' dir='ltr'>esuriens,</span> <span class='ocrx_word' id='word_1_249' title='bbox 474 3484 566 3540; x_wconf 92' lang='lat' dir='ltr'>minus</span> <span class='ocrx_word' id='word_1_250' title='bbox 579 3486 633 3540; x_wconf 93' lang='lat' dir='ltr'>hoc</span> <span class='ocrx_word' id='word_1_251' title='bbox 643 3483 783 3554; x_wconf 88' lang='lat' dir='ltr'>jucundus</span> <span class='ocrx_word' id='word_1_252' title='bbox 796 3483 903 3538; x_wconf 89' lang='lat' dir='ltr'>amicus</span> <span class='ocrx_word' id='word_1_253' title='bbox 1035 3518 1060 3554; x_wconf 78' lang='lat'>93</span> 
     </span>
    </p>
   </div>
   <div class='ocr_carea' id='block_1_5' title="bbox 0 0 1406 4176">
    <p class='ocr_par' dir='ltr' id='par_1_12' title="bbox 0 0 1406 4176">
     <span class='ocr_line' id='line_1_38' title="bbox 0 0 1406 4176; baseline 0 0"><span class='ocrx_word' id='word_1_254' title='bbox 0 0 1406 4176; x_wconf 95' lang='lat' dir='ltr'> </span> 
     </span>
    </p>
   </div>
  </div>
 </body>
</html>
