2748 4138
357 495 417 551 290
714 492 846 537 uounrrr

342 621 344 626 ’
404 620 513 674 Placari
527 620 633 676 Genius
646 621 724 677 festis
737 621 851 694 impune
864 621 972 692 diebus,

402 704 529 760 Accessit
541 706 718 777 numerisque
730 707 877 777 modisque
890 707 1003 762 licentia
1015 707 1112 778 major,

404 787 538 842 Indoctus
551 789 618 859 quid
630 789 706 843 enim
719 799 837 859 saperet,
849 791 974 861 liberque
986 793 1122 859 laborum,
1149 813 1152 821 ¹

403 872 535 926 Rusticus
547 874 655 928 urbano
667 872 808 941 confusus,
821 875 909 943 turpis
922 875 1061 930 honesto?

403 955 450 1009 Sic
462 956 571 1025 priscae
583 965 747 1026 motumque
759 967 787 1011 et
798 957 935 1011 luxuriem
947 957 1056 1012 addidit
1068 958 1121 1011 arti

402 1039 529 1107 Tibicen,
542 1040 679 1110 traxitque
691 1056 778 1110 vagos
791 1056 841 1109 per
852 1040 960 1110 pulpita
972 1050 1096 1095 vestem:

402 1121 450 1175 Sic
462 1122 547 1176 etiam
559 1123 661 1177 fidibus
674 1139 757 1177 voces
769 1139 881 1178 crevere
894 1124 1006 1191 severis,

402 1207 440 1258 Et
452 1205 515 1260 tulit
527 1205 668 1277 eloquium
681 1206 824 1260 insolitum
837 1206 970 1260 facundia
980 1224 1114 1277 praeceps
1127 1227 1135 1271 ;

402 1288 575 1358 Utiliumque
589 1305 675 1358 sagax
687 1305 788 1356 rerum,
800 1297 829 1342 et
841 1289 937 1346 divina
948 1289 1040 1357 futuri,

401 1371 545 1441 Sortilegis
557 1389 615 1426 non
627 1371 778 1441 discrepuit
791 1373 930 1426 sententia
943 1373 1069 1442 Delphis.

402 1454 533 1510 Carmine
545 1455 592 1525 qui
605 1455 712 1524 tragico
724 1455 808 1509 vilem
821 1456 936 1509 certavit
948 1456 984 1510 ob
997 1456 1114 1523 hircum,

401 1537 470 1590 Mox
483 1537 568 1592 etiam
581 1546 705 1608 agrestes
720 1538 834 1606 Satyros
847 1538 973 1605 nudavit,
986 1547 1013 1593 et
1026 1556 1108 1609 asper

402 1621 538 1676 Incolumi
550 1622 687 1690 gravitate
696 1621 793 1689 jocum
806 1621 941 1686 tentavit3
960 1637 994 1676 eo
1005 1621 1082 1692 quod

401 1704 543 1758 lllecebris
556 1713 615 1758 erat
627 1713 655 1757 et
667 1712 749 1772 grata
760 1703 884 1757 novitate
896 1704 1048 1758 morandus

400 1788 554 1856 Spectator,
566 1787 733 1856 functusque
747 1787 842 1854 sacris,
855 1797 883 1842 et
895 1797 985 1858 potus,
998 1797 1025 1842 et
1038 1788 1123 1842 exlex.

399 1871 504 1924 Verum
516 1871 556 1923 ita
567 1870 677 1936 risores,
690 1869 730 1923 ita
742 1870 939 1924 commendare
951 1870 1062 1924 dicaces

401 1952 555 2006 Conveniet
568 1953 692 2021 Satyros,
701 1952 742 2006 ita
753 1962 859 2007 vertere
872 1954 946 2008 seria
957 1953 1024 2007 ludo
1035 1973 1042 2018 ;

400 2036 427 2088 N
430 2051 446 2088 e
459 2035 617 2105 quicunque
631 2038 717 2103 DeuS,
731 2036 887 2106 quicunque
899 2036 1077 2091 adhibebitur
1088 2037 1181 2106 herou

400 2119 499 2186 Regali
512 2127 678 2190 conspectus
690 2119 720 2172 in
732 2137 801 2174 auro
812 2137 901 2189 nuper
913 2130 941 2175 et
953 2130 1038 2188 ostro,

400 2201 504 2271 Migret
516 2201 545 2254 irr
558 2203 692 2256 obscuras
704 2202 801 2257 humili
815 2219 943 2257 sermone
955 2204 1085 2257 tabernas
1097 2223 1104 2268 ;

398 2286 463 2352 Aut,
476 2285 544 2339 dum
556 2285 626 2340 vitat
638 2286 763 2351 humum,
776 2287 864 2340 nubes
878 2295 905 2339 et
918 2285 1014 2340 inania
1026 2295 1127 2356 captet.

398 2368 515 2423 Effutire
527 2370 601 2423 leves
615 2369 731 2438 indigna
743 2369 901 2439 Tragoedia
913 2386 1017 2436 versus,

398 2453 439 2506 Ut
451 2452 528 2507 festis
541 2462 670 2507 matrona
681 2453 786 2506 moveri
795 2452 875 2522 jussa
886 2451 993 2520 diebus,

398 2535 526 2589 Intererit
539 2535 645 2604 Satyris
659 2535 783 2604 paullum
795 2534 959 2603 pudibunda
971 2535 1113 2604 protervis.

399 2619 465 2670 Non
478 2635 530 2687 ego
543 2618 672 2672 inornata
684 2627 712 2672 et
725 2616 900 2671 dominantia
912 2617 1029 2671 nomina
1040 2618 1131 2672 solum

395 2701 551 2771 Verbaque,
565 2701 689 2768 Pisones,
703 2701 865 2769 Satyrorum
878 2700 997 2769 scriptor
1008 2700 1110 2755 amabo
1121 2720 1129 2764 ;

398 2785 458 2837 Nec
472 2784 511 2837 sic
525 2784 614 2838 enitar
625 2783 731 2852 tragico
744 2783 852 2837 differre
865 2783 959 2850 colori,

396 2867 438 2920 Ut
449 2865 519 2919 nihil
531 2866 648 2934 intersit,
662 2869 795 2920 Davusne
807 2867 937 2935 loquatur
949 2875 977 2920 et
989 2866 1080 2920 audax

395 2950 511 3018 Pythias
524 2959 653 3004 emuncto
666 2951 772 3004 lucrata
785 2949 900 3004 Simone
912 2950 1057 3017 talentum,

393 3035 439 3086 An
451 3043 545 3088 custos
558 3033 733 3103 famulusque
747 3033 801 3086 Dei
815 3032 925 3086 Silenus
938 3033 1050 3086 alumni.

325 3107 327 3113 ’
394 3117 438 3170 Ex
450 3125 517 3172 noto
530 3117 627 3171 fictum
640 3132 753 3171 carmen
766 3132 874 3186 sequar,
887 3123 918 3169 ut
931 3115 985 3169 sibi
998 3116 1087 3186 quivis

394 3200 492 3269 Speret
505 3200 598 3265 idem;
617 3200 698 3254 sudet
710 3200 829 3253 multum
841 3197 998 3268 frustraque
1010 3198 1118 3253 laboret

392 3284 485 3338 Ausus
498 3283 590 3338 idem:
611 3292 720 3337 tantum
733 3282 818 3336 series
828 3281 1014 3350 juncturaque
1022 3269 1110 3350 'pollet
1123 3301 1130 3346 ;

392 3365 515 3420 Tantum
528 3366 564 3421 de
576 3365 669 3420 medio
683 3365 802 3435 sumptis
815 3363 924 3418 accedit
937 3363 1059 3418 honoris.

392 3447 475 3502 Silvis
487 3447 601 3502 deducti
614 3455 739 3515 caveant,
752 3463 798 3500 me
807 3445 910 3515 judice,
924 3445 1023 3512 Fauni,

393 3531 445 3597 Ne,
458 3531 533 3585 velut
546 3530 634 3585 innati
647 3530 735 3588 triviis
748 3547 781 3586 ac
794 3545 883 3600 paene
895 3528 1028 3595 forenses,
1153 3553 1192 3589 24⁵
