2792 4168
308 467 367 528 154
597 467 728 512 Homru
752 469 879 512 aionon

428 597 555 652 illiterati
567 615 636 652 num
647 595 740 654 minus
753 598 830 652 nervi
842 597 953 668 rigent?

462 681 593 746 Minusve
605 682 719 751 languet
731 681 889 736 fascinum?

428 764 511 836 Quod
523 775 554 820 ut
566 766 687 835 superbo
700 782 835 835 provoces
848 766 884 821 ab
897 765 1020 836 inguine,

463 848 518 902 Ore
531 847 745 902 adlaborandum
757 858 800 903 est
811 848 871 902 tibi.

589 1043 779 1098 CARMEN
812 1045 865 1098 ΙΧ.

578 1163 622 1204 An
640 1163 865 1208 Maronitarum

395 1258 532 1327 QUANDO
544 1268 688 1328 repostum
702 1260 865 1314 Caecubum
874 1259 911 1314 ad
923 1259 1009 1315 festas
1022 1259 1119 1330 dapes,

329 1413 333 1421 Ι
427 1341 540 1396 Victore
551 1342 640 1396 laetus
656 1343 783 1409 Caesare,

392 1424 501 1478 Tecum
513 1426 566 1478 sub
578 1425 636 1478 alta
648 1424 700 1494 (sic
712 1425 774 1494 Jovi
787 1425 909 1495 gratum)
922 1424 1017 1492 domo,

428 1508 515 1562 Beate
528 1509 688 1574 Maecenas,
700 1507 806 1575 bibam,

391 1591 516 1644 Sonante
528 1589 647 1645 mixtum
659 1589 736 1644 tibiis
749 1607 862 1644 carmen
875 1590 944 1659 lyra,

427 1674 491 1725 Hac
505 1672 632 1740 Dorium,
644 1673 698 1726 illis
711 1672 883 1727 barbarum?

393 1756 434 1810 Ut
446 1771 543 1824 nuper,
555 1764 635 1809 actus
647 1772 713 1809 cum
724 1754 795 1809 freto
809 1754 968 1826 Neptunius

428 1839 494 1891 Dux
505 1837 584 1906 fugit,
597 1837 666 1892 ustis
679 1838 807 1906 navibus,

393 1920 520 1974 Minatus
534 1920 607 1975 Urbi
618 1920 719 1988 vincla,
732 1937 804 1992 quae
816 1920 975 1976 detraxerat

428 2002 522 2057 Servis
534 2002 642 2058 amicus
654 2003 775 2073 perfidis.

394 2090 547 2158 Romanus,
560 2089 631 2144 eheu
645 2092 651 2144 i
671 2089 786 2161 (posteri
798 2090 949 2165 negabitis)

430 2173 632 2243 Emancipatus
644 2173 772 2242 feminae,

394 2255 461 2309 Fert
472 2255 577 2310 vallum
589 2265 617 2310 et
629 2273 708 2310 arma
720 2257 810 2325 miles,
823 2265 851 2312 et
864 2257 1037 2328 spadonibus

428 2337 537 2392 Servire
549 2339 658 2408 rugosis
671 2348 764 2408 potest
775 2359 782 2405 ;

396 2421 526 2492 Interque
538 2421 619 2491 signa
631 2431 712 2492 turpe
724 2422 856 2478 militaria

430 2505 479 2558 Sol
492 2503 612 2575 adspicit
624 2505 782 2576 conopium.

393 2588 432 2641 At
443 2587 498 2642 hoc
510 2586 659 2643 frementes
672 2596 814 2643 verterunt
826 2587 871 2643 bis
883 2587 959 2643 mille
972 2605 1058 2660 equos

431 2670 514 2738 Galli,
527 2679 660 2726 canentes
675 2672 825 2726 Caesarem
836 2689 844 2736 ;

396 2753 605 2825 Hostiliumque
617 2754 731 2809 navium
743 2762 825 2824 portu
837 2754 925 2808 latent

431 2837 542 2906 Puppes
554 2836 745 2892 sinistrorsum
758 2836 837 2892 citae.

397 2922 429 2975 Io
442 2920 604 2991 Triumphe,
617 2928 647 2976 tu
659 2921 777 2975 moraris
790 2937 889 2976 aureos

431 3003 543 3071 Currus,
556 3013 583 3058 et
596 3003 715 3059 intactas
727 3004 832 3059 boves?

397 3087 429 3140 Io
441 3086 604 3157 Triumphe,
617 3103 668 3143 nec
680 3087 847 3157 Jugurthino
859 3103 956 3157 parem

431 3170 510 3224 Bello
521 3170 671 3240 reportasti
682 3169 792 3238 ducem,

397 3252 497 3321 Neque
509 3252 682 3321 Africanum,
695 3252 740 3308 cui
753 3269 835 3323 super
848 3251 1052 3324 Karthaginem

430 3335 526 3389 Virtus
539 3337 718 3406 sepulchrum
730 3337 864 3392 condidit.

396 3419 483 3472 Terra
495 3419 621 3490 marique
632 3419 723 3474 victus
733 3419 824 3474 hostis
836 3419 939 3490 punico

433 3501 563 3570 Lugubre
575 3501 693 3556 mutavit
706 3518 813 3572 sagum.
