2804 4176
325 453 383 511 162
438 458 441 463 “
603 468 735 512 nonum
758 469 885 513 nponou

375 596 522 652 Germinat
534 606 561 651 et
574 615 718 669 nunquam
731 597 852 652 fallentis
866 607 967 654 termes
980 599 1077 667 olivae,
1112 633 1118 638 -

409 682 552 752 Suamque
563 682 640 751 pulla
652 682 721 736 ficus
736 691 817 736 ornat
830 683 967 751 arborem,

375 764 463 818 Mella
474 781 544 818 cava
557 773 674 818 manant
687 782 721 819 ex
734 765 806 832 ilice,
818 766 961 821 montibus
974 767 1038 821 altis

409 847 491 902 Levis
504 857 636 917 crepante
648 848 765 917 lympha
777 849 871 903 desilit
883 849 962 919 pede.

375 931 435 985 Illic
448 931 571 1000 injussae
582 931 698 984 veniunt
711 931 748 984 ad
760 932 880 986 mulctra
892 933 1025 1002 capellae,

408 1014 558 1084 Refertque
571 1023 649 1067 tenta
660 1031 727 1082 grex
740 1015 848 1068 amicus
861 1015 966 1080 ubera3

374 1097 435 1150 Nec
449 1097 623 1166 vespertinus
636 1097 829 1166 circumgemit
841 1115 922 1152 ursus
935 1097 1015 1164 ovile,

408 1180 509 1250 Neque
521 1179 681 1234 intumescit
694 1180 751 1233 alta
763 1181 865 1250 viperis
877 1181 997 1235 humus:

372 1263 510 1334 Pluraque
523 1263 617 1317 felices
630 1263 795 1317 mirabimur
806 1283 813 1329 ;
832 1273 862 1319 ut
876 1281 967 1334 neque
979 1261 1064 1333 largis

406 1347 538 1417 Aquosus
553 1347 644 1400 Eurus
658 1363 725 1399 arva
737 1346 818 1400 radat
832 1347 977 1414 imbribuS,

372 1429 491 1498 Pinguia
502 1447 554 1483 nec
568 1429 650 1483 siccis
663 1438 779 1484 urantur
792 1429 900 1484 semina
912 1430 1011 1498 glebis,

407 1514 566 1583 Utrumque
578 1529 644 1580 rege
657 1521 831 1581 temperante
843 1513 982 1567 caelitum.

373 1596 440 1649 Non
451 1595 506 1648 huc
520 1597 614 1663 Argoo
627 1594 771 1648 contendit
784 1595 889 1664 remige
901 1596 993 1664 pinus,

407 1680 507 1748 Neque
520 1677 663 1747 impudica
677 1677 790 1730 Colchis
803 1677 902 1731 intulit¹
910 1678 1020 1746 pedem,
1088 1715 1090 1720 -

372 1762 438 1814 Non
450 1761 505 1815 huc
519 1760 628 1814 Sidonii
641 1768 780 1813 torserunt
793 1777 898 1814 cornua
910 1770 1022 1828 nautae,

406 1843 559 1897 Laboriosa
571 1859 622 1896 nec
636 1842 737 1897 cohors
752 1843 853 1897 Ulixei.

372 1927 458 1980 Nulla
469 1934 572 1980 nocent
585 1925 679 1994 pecori
692 1926 831 1994 contagia,
843 1926 946 1980 nullius
960 1927 1028 1980 astri

406 2010 527 2077 Gregem
540 2016 671 2062 aestuosa
684 2017 770 2062 torret
782 2008 955 2078 impotentia.

369 2092 496 2162 Juppiter
508 2091 556 2145 illa
568 2091 631 2161 piae
644 2092 761 2146 secrevit
773 2092 856 2146 litora
868 2092 954 2161 genti,

405 2177 447 2231 Ut
461 2175 617 2246 inquinavit
629 2192 693 2229 aere
705 2185 815 2245 tempus
829 2192 943 2229 aureum
957 2194 962 2230 :

369 2261 449 2326 Aere,
462 2259 563 2314 dehinc
576 2259 648 2313 ferro
661 2259 771 2314 duravit
784 2259 879 2313 secula
890 2279 896 2324 ;
916 2276 1034 2331 quorum

405 2343 462 2397 Piis
476 2343 607 2411 secunda,
620 2351 684 2396 vate
695 2359 751 2410 me,
764 2341 846 2396 datur
858 2341 932 2412 suga.

576 2552 764 2606 CARMEN
796 2551 903 2604 XVII.
939 2567 940 2570 ¹

623 2672 666 2714 An
686 2671 853 2715 cumomni.

417 2769 480 2836 JAM
490 2767 550 2837 jam
563 2767 669 2821 efficaci
682 2767 719 2821 do
731 2784 831 2821 manus
845 2767 978 2823 scientiae

419 2853 550 2922 Supplex,
563 2860 591 2904 et
604 2868 653 2905 oro
666 2867 753 2919 regna
765 2867 815 2919 per
828 2851 1020 2920 Proserpinae,

419 2934 472 2988 Per
484 2944 512 2988 et
526 2933 636 2987 Dianae
648 2950 705 2986 non
718 2933 859 2987 movenda
870 2935 995 3001 numina,

419 3017 472 3070 Per
483 3026 568 3088 atque
580 3017 665 3070 libros
679 3015 834 3070 carminum
847 3016 1001 3071 valentium

418 3099 517 3153 Refixa
530 3099 607 3153 caelo
620 3098 757 3152 devocare
770 3098 870 3166 sidera,

418 3181 544 3248 Canidia,
557 3197 641 3251 parce
654 3180 770 3234 vocibus
784 3182 900 3236 tandem
913 3182 1008 3249 sacriS,

418 3264 567 3333 Citumque
579 3273 652 3318 retro
666 3264 751 3330 solve,
764 3265 849 3331 solve,
862 3264 1010 3318 turbinem.

416 3347 508 3400 Movit
521 3356 652 3416 nepotem
664 3347 805 3415 Telephus
820 3349 963 3414 Neretum,

416 3430 450 3482 In
463 3445 547 3499 quem
560 3430 696 3499 superbus
710 3429 852 3483 ordinarat
865 3429 979 3498 agmina

416 3513 571 3582 Mysorum,
585 3522 613 3566 et
625 3513 654 3566 in
667 3529 750 3582 quem
764 3513 819 3566 tela
832 3521 914 3567 acuta
926 3521 1051 3566 torserat.
