2804 4176
334 433 393 487 240
568 425 701 470 nomin
724 424 942 470 umsrossaun

366 558 466 613 Gratia
476 557 667 628 nequidquam
679 555 744 622 coit,
756 564 784 609 et
796 553 969 608 rescinditur.
1006 556 1053 622 At,
1065 572 1116 609 vos

367 643 423 695 Seu
435 639 542 694 calidus
555 639 669 708 sanguis
683 655 732 692 seu
744 654 837 692 rerum
849 637 962 692 inscitia
973 647 1055 692 vexat

367 723 510 778 Indomita
522 723 629 778 cervice
640 721 722 789 feros,
735 720 893 791 ubicunque
904 721 1029 775 locorum

366 805 477 874 Vivitis,
490 806 597 876 indigni
609 805 762 859 fraternum
773 819 902 874 rumpere
913 803 1020 871 foedus,

367 889 494 943 Pascitur
505 889 535 942 in
546 897 670 944 vestrum
682 886 803 941 reditum
815 886 911 939 votiva
919 885 1047 955 juvenca
1141 909 1165 956 3⁶

649 2101 706 2130 BUST
720 2101 748 2130 OF
761 2101 876 2130 EPICURUS.

614 2268 830 2322 salsiora
857 2268 913 2348 iv,

577 2427 621 2468 AD
639 2427 761 2470 ALBIUM
779 2425 948 2469 TIBULLUM.

394 2561 480 2626 ALBI,
492 2567 652 2613 nostrorum
664 2575 826 2614 sermonum
838 2558 957 2612 candide
966 2558 1060 2628 judex,

396 2642 472 2712 Quid
484 2659 558 2696 nunc
571 2652 599 2696 te
611 2643 705 2697 dicam
717 2642 808 2696 facere
821 2642 850 2696 in
862 2642 975 2712 regione
989 2642 1123 2696 Pedana?

395 2725 524 2779 Scribere
535 2725 611 2795 quod
625 2725 706 2780 Cassi
719 2725 879 2779 Parmensis
892 2726 1027 2796 opuscula
1038 2725 1153 2779 vincat?

395 2809 441 2861 An
454 2808 571 2862 tacitum
584 2809 668 2862 silvas
681 2809 753 2863 inter
765 2818 875 2879 reptare
887 2807 1021 2876 salubres,

400 2892 552 2945 Curantem
565 2891 701 2961 quidquid
713 2891 831 2960 dignum
844 2891 969 2960 sapiente
981 2891 1111 2962 bonoque
1124 2891 1186 2944 est?

396 2974 464 3026 Non
477 2982 507 3026 tu
520 2989 621 3044 corpus
633 2990 695 3027 eras
708 2973 769 3028 sine
781 2982 900 3044 pectore.
938 2973 978 3027 Di
989 2973 1041 3028 tihi
1053 2973 1180 3040 formam,

397 3054 436 3108 Di
448 3054 500 3108 tibi
513 3055 626 3110 divitias
638 3056 784 3124 dederunt,
797 3065 941 3126 artemque
953 3055 1069 3110 fruendi.

398 3137 475 3207 Quid
488 3148 589 3193 voveat
601 3138 677 3193 dulci
688 3139 826 3194 nutricula
837 3139 930 3208 majus
942 3140 1064 3205 alumno,

398 3220 455 3292 Qui
467 3237 565 3291 sapere
577 3231 605 3276 et
617 3221 669 3275 fari
680 3222 771 3291 possit
782 3238 853 3292 quae
866 3222 977 3290 sentiat,
990 3231 1018 3279 et
1029 3222 1074 3276 cui

399 3303 507 3371 Gratia,
519 3303 603 3372 fama,
615 3305 746 3360 valetudo
758 3305 904 3375 contingat
916 3305 1036 3371 abunde,
1374 3269 1375 3352 i

399 3386 437 3439 Et
449 3386 571 3441 mundus
583 3387 682 3455 victus,
694 3404 752 3441 nun
764 3387 910 3443 deficiente
922 3388 1074 3442 crumena?

400 3469 478 3520 Inter
489 3485 569 3538 spem
582 3486 740 3540 curamque,
753 3469 866 3526 timores
880 3470 952 3526 inter
964 3480 992 3526 et
1004 3470 1068 3537 iras,
1149 3533 1153 3541 ,
1175 3505 1198 3530 12
