<?xml version="1.0" encoding="UTF-8"?>
<!DOCTYPE html PUBLIC "-//W3C//DTD XHTML 1.0 Transitional//EN"
    "http://www.w3.org/TR/xhtml1/DTD/xhtml1-transitional.dtd">
<html xmlns="http://www.w3.org/1999/xhtml" xml:lang="en" lang="en">
 <head>
  <title>
</title>
<meta http-equiv="Content-Type" content="text/html;charset=utf-8" />
  <meta name='ocr-system' content='tesseract 3.04.00' />
  <meta name='ocr-capabilities' content='ocr_page ocr_carea ocr_par ocr_line ocrx_word'/>
</head>
<body>
  <div class='ocr_page' id='page_1' title='image "./quintihoratiifl00milmgoog_0058.png"; bbox 0 0 2766 4162; ppageno 0'>
   <div class='ocr_carea' id='block_1_1' title="bbox 367 447 1019 506">
    <p class='ocr_par' dir='ltr' id='par_1_1' title="bbox 367 447 1019 506">
     <span class='ocr_line' id='line_1_1' title="bbox 367 447 1019 506; baseline 0.005 -16"><span class='ocrx_word' id='word_1_1' title='bbox 367 450 460 490; x_wconf 86' lang='lat' dir='ltr'>LIBER</span> <span class='ocrx_word' id='word_1_2' title='bbox 485 451 502 491; x_wconf 90' lang='lat' dir='ltr'><strong>I.</strong></span> <span class='ocrx_word' id='word_1_3' title='bbox 550 448 681 491; x_wconf 86' lang='lat' dir='ltr'>CARMEN</span> <span class='ocrx_word' id='word_1_4' title='bbox 705 447 815 488; x_wconf 87' lang='lat' dir='ltr'><strong>XXVlll.</strong></span> <span class='ocrx_word' id='word_1_5' title='bbox 981 451 997 504; x_wconf 78' lang='grc'>3</span> <span class='ocrx_word' id='word_1_6' title='bbox 1004 448 1019 506; x_wconf 84' lang='grc'>5</span> 
     </span>
    </p>
   </div>
   <div class='ocr_carea' id='block_1_2' title="bbox 410 942 790 1132">
    <p class='ocr_par' dir='ltr' id='par_1_2' title="bbox 410 942 790 1132">
     <span class='ocr_line' id='line_1_2' title="bbox 410 942 790 997; baseline -0.013 -1"><span class='ocrx_word' id='word_1_7' title='bbox 410 943 599 997; x_wconf 88' lang='lat' dir='ltr'><strong>CARMEN</strong></span> <span class='ocrx_word' id='word_1_8' title='bbox 633 942 790 994; x_wconf 87' lang='lat' dir='ltr'>XXVIII.</span> 
     </span>
     <span class='ocr_line' id='line_1_3' title="bbox 510 1090 682 1132; baseline -0.012 -2"><span class='ocrx_word' id='word_1_9' title='bbox 510 1090 682 1132; x_wconf 75' lang='lat' dir='ltr'>ARCHYTAS.</span> 
     </span>
    </p>
   </div>
   <div class='ocr_carea' id='block_1_3' title="bbox 218 1211 935 1535">
    <p class='ocr_par' dir='ltr' id='par_1_3' title="bbox 218 1211 935 1364">
     <span class='ocr_line' id='line_1_4' title="bbox 218 1211 935 1283; baseline -0.01 -15"><span class='ocrx_word' id='word_1_10' title='bbox 218 1218 264 1268; x_wconf 84' lang='grc' dir='ltr'><strong>ΤΕ</strong></span> <span class='ocrx_word' id='word_1_11' title='bbox 276 1216 361 1268; x_wconf 90' lang='lat' dir='ltr'><strong>maris</strong></span> <span class='ocrx_word' id='word_1_12' title='bbox 375 1223 402 1268; x_wconf 91' lang='lat' dir='ltr'><strong>et</strong></span> <span class='ocrx_word' id='word_1_13' title='bbox 415 1224 504 1268; x_wconf 89' lang='lat' dir='ltr'><strong>terrae</strong></span> <span class='ocrx_word' id='word_1_14' title='bbox 517 1229 689 1283; x_wconf 86' lang='lat' dir='ltr'>numeroque</span> <span class='ocrx_word' id='word_1_15' title='bbox 702 1211 821 1265; x_wconf 87' lang='lat' dir='ltr'><strong>carentis</strong></span> <span class='ocrx_word' id='word_1_16' title='bbox 835 1226 935 1262; x_wconf 87' lang='lat' dir='ltr'><strong>arenae</strong></span> 
     </span>
     <span class='ocr_line' id='line_1_5' title="bbox 254 1296 715 1364; baseline -0.011 -12"><span class='ocrx_word' id='word_1_17' title='bbox 254 1301 416 1352; x_wconf 89' lang='lat' dir='ltr'><strong>Mensorem</strong></span> <span class='ocrx_word' id='word_1_18' title='bbox 429 1298 570 1363; x_wconf 89' lang='lat' dir='ltr'><strong>cohibent,</strong></span> <span class='ocrx_word' id='word_1_19' title='bbox 582 1296 715 1364; x_wconf 85' lang='lat' dir='ltr'><strong>Archyta,</strong></span> 
     </span>
    </p>

    <p class='ocr_par' dir='ltr' id='par_1_4' title="bbox 218 1377 881 1535">
     <span class='ocr_line' id='line_1_6' title="bbox 218 1377 881 1450; baseline -0.012 -14"><span class='ocrx_word' id='word_1_20' title='bbox 218 1382 341 1436; x_wconf 87' lang='lat' dir='ltr'><strong>Pulveris</strong></span> <span class='ocrx_word' id='word_1_21' title='bbox 355 1381 446 1450; x_wconf 88' lang='lat' dir='ltr'><strong>exigui</strong></span> <span class='ocrx_word' id='word_1_22' title='bbox 458 1398 546 1450; x_wconf 91' lang='lat' dir='ltr'><strong>prope</strong></span> <span class='ocrx_word' id='word_1_23' title='bbox 559 1381 624 1434; x_wconf 90' lang='lat' dir='ltr'><strong>litus</strong></span> <span class='ocrx_word' id='word_1_24' title='bbox 636 1396 724 1448; x_wconf 87' lang='lat' dir='ltr'><strong>parva</strong></span> <span class='ocrx_word' id='word_1_25' title='bbox 740 1377 881 1430; x_wconf 87' lang='lat' dir='ltr'><strong>Matinum</strong></span> 
     </span>
     <span class='ocr_line' id='line_1_7' title="bbox 255 1461 821 1535; baseline -0.007 -17"><span class='ocrx_word' id='word_1_26' title='bbox 255 1467 390 1518; x_wconf 87' lang='lat' dir='ltr'><strong>Munera:</strong></span> <span class='ocrx_word' id='word_1_27' title='bbox 411 1481 463 1518; x_wconf 93' lang='lat' dir='ltr'><strong>nec</strong></span> <span class='ocrx_word' id='word_1_28' title='bbox 477 1464 630 1535; x_wconf 87' lang='lat' dir='ltr'>quidquam</span> <span class='ocrx_word' id='word_1_29' title='bbox 644 1461 694 1517; x_wconf 91' lang='lat' dir='ltr'><strong>tibi</strong></span> <span class='ocrx_word' id='word_1_30' title='bbox 707 1461 821 1530; x_wconf 90' lang='lat' dir='ltr'><strong>prodest</strong></span> 
     </span>
    </p>
   </div>
   <div class='ocr_carea' id='block_1_4' title="bbox 218 1618 902 1939">
    <p class='ocr_par' dir='ltr' id='par_1_5' title="bbox 218 1618 902 1771">
     <span class='ocr_line' id='line_1_8' title="bbox 218 1618 902 1689; baseline -0.006 -16"><span class='ocrx_word' id='word_1_31' title='bbox 218 1621 316 1674; x_wconf 69' lang='lat' dir='ltr'><strong>Aerias</strong></span> <span class='ocrx_word' id='word_1_32' title='bbox 329 1630 453 1674; x_wconf 88' lang='lat' dir='ltr'><strong>tentasse</strong></span> <span class='ocrx_word' id='word_1_33' title='bbox 466 1620 575 1686; x_wconf 85' lang='lat' dir='ltr'><strong>domos,</strong></span> <span class='ocrx_word' id='word_1_34' title='bbox 588 1619 738 1689; x_wconf 86' lang='lat' dir='ltr'><strong>animoque</strong></span> <span class='ocrx_word' id='word_1_35' title='bbox 750 1618 902 1671; x_wconf 90' lang='lat' dir='ltr'><strong>rotundum</strong></span> 
     </span>
     <span class='ocr_line' id='line_1_9' title="bbox 255 1701 708 1771; baseline -0.002 -16"><span class='ocrx_word' id='word_1_36' title='bbox 255 1703 426 1756; x_wconf 88' lang='lat' dir='ltr'><strong>Percurrisse</strong></span> <span class='ocrx_word' id='word_1_37' title='bbox 438 1703 543 1771; x_wconf 89' lang='lat' dir='ltr'><strong>polum,</strong></span> <span class='ocrx_word' id='word_1_38' title='bbox 557 1701 690 1755; x_wconf 91' lang='lat' dir='ltr'><strong>morituro</strong></span> <span class='ocrx_word' id='word_1_39' title='bbox 703 1705 708 1754; x_wconf 92' lang='lat'>!</span> 
     </span>
    </p>

    <p class='ocr_par' dir='ltr' id='par_1_6' title="bbox 220 1785 883 1939">
     <span class='ocr_line' id='line_1_10' title="bbox 220 1785 883 1855; baseline -0.003 -16"><span class='ocrx_word' id='word_1_40' title='bbox 220 1786 331 1840; x_wconf 89' lang='lat' dir='ltr'>Occidit</span> <span class='ocrx_word' id='word_1_41' title='bbox 344 1795 371 1839; x_wconf 89' lang='lat' dir='ltr'><strong>et</strong></span> <span class='ocrx_word' id='word_1_42' title='bbox 385 1786 496 1855; x_wconf 89' lang='lat' dir='ltr'><strong>Pelopis</strong></span> <span class='ocrx_word' id='word_1_43' title='bbox 508 1785 617 1854; x_wconf 88' lang='lat' dir='ltr'><strong>genitor</strong></span> <span class='ocrx_word' id='word_1_44' title='bbox 629 1785 747 1837; x_wconf 87' lang='lat' dir='ltr'><strong>conviva</strong></span> <span class='ocrx_word' id='word_1_45' title='bbox 759 1785 883 1850; x_wconf 88' lang='lat' dir='ltr'><strong>deorum,</strong></span> 
     </span>
     <span class='ocr_line' id='line_1_11' title="bbox 254 1869 728 1939; baseline -0.002 -18"><span class='ocrx_word' id='word_1_46' title='bbox 254 1869 448 1939; x_wconf 90' lang='lat' dir='ltr'><strong>Tithonusque</strong></span> <span class='ocrx_word' id='word_1_47' title='bbox 460 1878 583 1922; x_wconf 89' lang='lat' dir='ltr'><strong>remotus</strong></span> <span class='ocrx_word' id='word_1_48' title='bbox 597 1869 626 1921; x_wconf 94' lang='lat' dir='ltr'><strong>in</strong></span> <span class='ocrx_word' id='word_1_49' title='bbox 639 1884 728 1933; x_wconf 87' lang='lat' dir='ltr'><strong>auras,</strong></span> 
     </span>
    </p>
   </div>
   <div class='ocr_carea' id='block_1_5' title="bbox 220 2026 967 2343">
    <p class='ocr_par' dir='ltr' id='par_1_7' title="bbox 220 2026 967 2176">
     <span class='ocr_line' id='line_1_12' title="bbox 220 2026 967 2095; baseline -0.003 -15"><span class='ocrx_word' id='word_1_50' title='bbox 220 2029 257 2080; x_wconf 92' lang='lat' dir='ltr'><strong>Et</strong></span> <span class='ocrx_word' id='word_1_51' title='bbox 269 2027 346 2094; x_wconf 87' lang='lat' dir='ltr'><strong>Jovis</strong></span> <span class='ocrx_word' id='word_1_52' title='bbox 359 2026 468 2080; x_wconf 87' lang='lat' dir='ltr'><strong>arcanis</strong></span> <span class='ocrx_word' id='word_1_53' title='bbox 484 2027 578 2080; x_wconf 91' lang='lat' dir='ltr'><strong>Minos</strong></span> <span class='ocrx_word' id='word_1_54' title='bbox 592 2026 732 2081; x_wconf 89' lang='lat' dir='ltr'><strong>admissus</strong></span> <span class='ocrx_word' id='word_1_55' title='bbox 745 2045 751 2088; x_wconf 92' lang='lat'>;</span> <span class='ocrx_word' id='word_1_56' title='bbox 770 2026 930 2095; x_wconf 85' lang='lat' dir='ltr'><strong>habentque</strong></span> <span class='ocrx_word' id='word_1_57' title='bbox 964 2029 967 2036; x_wconf 86' lang='grc'><em>“</em></span> 
     </span>
     <span class='ocr_line' id='line_1_13' title="bbox 255 2109 775 2176; baseline 0.002 -15"><span class='ocrx_word' id='word_1_58' title='bbox 255 2111 374 2163; x_wconf 88' lang='lat' dir='ltr'><strong>Tartara</strong></span> <span class='ocrx_word' id='word_1_59' title='bbox 387 2109 572 2176; x_wconf 85' lang='lat' dir='ltr'><strong>Panthoiden,</strong></span> <span class='ocrx_word' id='word_1_60' title='bbox 586 2110 686 2163; x_wconf 89' lang='lat' dir='ltr'><strong>iterum</strong></span> <span class='ocrx_word' id='word_1_61' title='bbox 700 2110 775 2162; x_wconf 92' lang='lat' dir='ltr'><strong>Orco</strong></span> 
     </span>
    </p>

    <p class='ocr_par' dir='ltr' id='par_1_8' title="bbox 221 2191 888 2343">
     <span class='ocr_line' id='line_1_14' title="bbox 221 2191 888 2262; baseline -0.003 -16"><span class='ocrx_word' id='word_1_62' title='bbox 221 2193 402 2254; x_wconf 88' lang='lat' dir='ltr'><strong>Demissum;</strong></span> <span class='ocrx_word' id='word_1_63' title='bbox 422 2192 551 2262; x_wconf 88' lang='lat' dir='ltr'><strong>quamvis</strong></span> <span class='ocrx_word' id='word_1_64' title='bbox 563 2192 653 2261; x_wconf 88' lang='lat' dir='ltr'><strong>clipeo</strong></span> <span class='ocrx_word' id='word_1_65' title='bbox 667 2192 790 2260; x_wconf 89' lang='lat' dir='ltr'><strong>Trojana</strong></span> <span class='ocrx_word' id='word_1_66' title='bbox 803 2191 888 2244; x_wconf 89' lang='lat' dir='ltr'><strong>refixo</strong></span> 
     </span>
     <span class='ocr_line' id='line_1_15' title="bbox 256 2275 703 2343; baseline 0.002 -16"><span class='ocrx_word' id='word_1_67' title='bbox 256 2276 396 2343; x_wconf 86' lang='lat' dir='ltr'><strong>Tempora</strong></span> <span class='ocrx_word' id='word_1_68' title='bbox 408 2284 535 2340; x_wconf 77' lang='lat' dir='ltr'><strong>testatuS,</strong></span> <span class='ocrx_word' id='word_1_69' title='bbox 548 2275 617 2328; x_wconf 92' lang='lat' dir='ltr'><strong>nihil</strong></span> <span class='ocrx_word' id='word_1_70' title='bbox 631 2276 703 2328; x_wconf 89' lang='lat' dir='ltr'><strong>ultra</strong></span> 
     </span>
    </p>
   </div>
   <div class='ocr_carea' id='block_1_6' title="bbox 222 2430 941 2735">
    <p class='ocr_par' dir='ltr' id='par_1_9' title="bbox 223 2430 927 2584">
     <span class='ocr_line' id='line_1_16' title="bbox 223 2430 927 2501; baseline 0 -17"><span class='ocrx_word' id='word_1_71' title='bbox 223 2433 331 2485; x_wconf 88' lang='lat' dir='ltr'><strong>Nervos</strong></span> <span class='ocrx_word' id='word_1_72' title='bbox 345 2441 428 2501; x_wconf 89' lang='lat' dir='ltr'><strong>atque</strong></span> <span class='ocrx_word' id='word_1_73' title='bbox 441 2441 534 2485; x_wconf 90' lang='lat' dir='ltr'><strong>cutem</strong></span> <span class='ocrx_word' id='word_1_74' title='bbox 547 2430 630 2485; x_wconf 89' lang='lat' dir='ltr'><strong>morti</strong></span> <span class='ocrx_word' id='word_1_75' title='bbox 643 2441 819 2486; x_wconf 86' lang='lat' dir='ltr'><strong>concesserat</strong></span> <span class='ocrx_word' id='word_1_76' title='bbox 833 2442 909 2484; x_wconf 89' lang='lat' dir='ltr'><strong>atrae</strong></span> <span class='ocrx_word' id='word_1_77' title='bbox 921 2451 927 2495; x_wconf 92' lang='grc'><strong>;</strong></span> 
     </span>
     <span class='ocr_line' id='line_1_17' title="bbox 256 2515 724 2584; baseline 0 -16"><span class='ocrx_word' id='word_1_78' title='bbox 256 2515 353 2584; x_wconf 90' lang='lat' dir='ltr'><strong>Judice</strong></span> <span class='ocrx_word' id='word_1_79' title='bbox 366 2524 402 2580; x_wconf 89' lang='lat' dir='ltr'><strong>te,</strong></span> <span class='ocrx_word' id='word_1_80' title='bbox 415 2531 472 2567; x_wconf 94' lang='lat' dir='ltr'><strong>non</strong></span> <span class='ocrx_word' id='word_1_81' title='bbox 486 2515 614 2569; x_wconf 90' lang='lat' dir='ltr'><strong>sordidus</strong></span> <span class='ocrx_word' id='word_1_82' title='bbox 627 2524 724 2568; x_wconf 86' lang='lat' dir='ltr'><strong>auctor</strong></span> 
     </span>
    </p>

    <p class='ocr_par' dir='ltr' id='par_1_10' title="bbox 222 2598 941 2735">
     <span class='ocr_line' id='line_1_18' title="bbox 222 2598 941 2667; baseline -0.001 -16"><span class='ocrx_word' id='word_1_83' title='bbox 222 2599 348 2651; x_wconf 86' lang='lat' dir='ltr'><strong>Naturae</strong></span> <span class='ocrx_word' id='word_1_84' title='bbox 360 2598 480 2667; x_wconf 87' lang='lat' dir='ltr'><strong>verique.</strong></span> <span class='ocrx_word' id='word_1_85' title='bbox 522 2598 577 2651; x_wconf 90' lang='lat' dir='ltr'><strong>Sed</strong></span> <span class='ocrx_word' id='word_1_86' title='bbox 591 2615 688 2651; x_wconf 92' lang='lat' dir='ltr'><strong>omnes</strong></span> <span class='ocrx_word' id='word_1_87' title='bbox 702 2614 758 2651; x_wconf 87' lang='lat' dir='ltr'><strong>una</strong></span> <span class='ocrx_word' id='word_1_88' title='bbox 770 2607 865 2650; x_wconf 87' lang='lat' dir='ltr'><strong>manet</strong></span> <span class='ocrx_word' id='word_1_89' title='bbox 879 2615 941 2662; x_wconf 86' lang='lat' dir='ltr'><strong>nox,</strong></span> 
     </span>
     <span class='ocr_line' id='line_1_19' title="bbox 260 2681 673 2735; baseline 0 -1"><span class='ocrx_word' id='word_1_90' title='bbox 260 2682 299 2734; x_wconf 90' lang='lat' dir='ltr'><strong>Et</strong></span> <span class='ocrx_word' id='word_1_91' title='bbox 311 2681 448 2735; x_wconf 88' lang='lat' dir='ltr'><strong>calcanda</strong></span> <span class='ocrx_word' id='word_1_92' title='bbox 460 2682 547 2735; x_wconf 90' lang='lat' dir='ltr'><strong>semel</strong></span> <span class='ocrx_word' id='word_1_93' title='bbox 560 2681 606 2733; x_wconf 89' lang='lat' dir='ltr'><strong>via</strong></span> <span class='ocrx_word' id='word_1_94' title='bbox 619 2681 673 2734; x_wconf 91' lang='lat' dir='ltr'><strong>leti.</strong></span> 
     </span>
    </p>
   </div>
   <div class='ocr_carea' id='block_1_7' title="bbox 223 2837 1017 3156">
    <p class='ocr_par' dir='ltr' id='par_1_11' title="bbox 226 2837 886 2985">
     <span class='ocr_line' id='line_1_20' title="bbox 226 2837 886 2906; baseline -0.003 -14"><span class='ocrx_word' id='word_1_95' title='bbox 226 2841 303 2892; x_wconf 89' lang='lat' dir='ltr'><strong>Dant</strong></span> <span class='ocrx_word' id='word_1_96' title='bbox 317 2839 386 2891; x_wconf 89' lang='lat' dir='ltr'><strong>alios</strong></span> <span class='ocrx_word' id='word_1_97' title='bbox 401 2837 501 2892; x_wconf 89' lang='lat' dir='ltr'><strong>Furiae</strong></span> <span class='ocrx_word' id='word_1_98' title='bbox 515 2848 594 2891; x_wconf 90' lang='lat' dir='ltr'><strong>torvo</strong></span> <span class='ocrx_word' id='word_1_99' title='bbox 608 2839 768 2906; x_wconf 88' lang='lat' dir='ltr'><strong>spectacula</strong></span> <span class='ocrx_word' id='word_1_100' title='bbox 782 2839 867 2891; x_wconf 89' lang='lat' dir='ltr'><strong>Marti</strong></span> <span class='ocrx_word' id='word_1_101' title='bbox 880 2858 886 2902; x_wconf 92' lang='grc'>;</span> 
     </span>
     <span class='ocr_line' id='line_1_21' title="bbox 257 2920 771 2985; baseline 0 -11"><span class='ocrx_word' id='word_1_102' title='bbox 257 2920 350 2974; x_wconf 88' lang='lat' dir='ltr'><strong>Exitio</strong></span> <span class='ocrx_word' id='word_1_103' title='bbox 364 2930 406 2974; x_wconf 91' lang='lat' dir='ltr'><strong>est</strong></span> <span class='ocrx_word' id='word_1_104' title='bbox 418 2920 532 2974; x_wconf 91' lang='lat' dir='ltr'><strong>avidum</strong></span> <span class='ocrx_word' id='word_1_105' title='bbox 545 2937 623 2974; x_wconf 89' lang='lat' dir='ltr'><strong>mare</strong></span> <span class='ocrx_word' id='word_1_106' title='bbox 635 2921 727 2974; x_wconf 92' lang='lat' dir='ltr'><strong>nautis</strong></span> <span class='ocrx_word' id='word_1_107' title='bbox 740 2941 746 2985; x_wconf 89' lang='lat'><strong>;</strong></span> <span class='ocrx_word' id='word_1_108' title='bbox 769 2959 771 2964; x_wconf 88' lang='lat'>-</span> 
     </span>
    </p>

    <p class='ocr_par' dir='ltr' id='par_1_12' title="bbox 223 3003 1017 3156">
     <span class='ocr_line' id='line_1_22' title="bbox 223 3003 1017 3072; baseline -0.001 -15"><span class='ocrx_word' id='word_1_109' title='bbox 223 3005 313 3058; x_wconf 87' lang='lat' dir='ltr'><strong>Mixta</strong></span> <span class='ocrx_word' id='word_1_110' title='bbox 326 3020 424 3057; x_wconf 90' lang='lat' dir='ltr'><strong>senum</strong></span> <span class='ocrx_word' id='word_1_111' title='bbox 437 3021 470 3056; x_wconf 87' lang='lat' dir='ltr'><strong>ac</strong></span> <span class='ocrx_word' id='word_1_112' title='bbox 480 3004 615 3072; x_wconf 88' lang='lat' dir='ltr'><strong>juvenum</strong></span> <span class='ocrx_word' id='word_1_113' title='bbox 628 3004 780 3061; x_wconf 88' lang='lat' dir='ltr'><strong>densentur</strong></span> <span class='ocrx_word' id='word_1_114' title='bbox 792 3003 897 3070; x_wconf 83' lang='lat' dir='ltr'><strong>lunera,</strong></span> <span class='ocrx_word' id='word_1_115' title='bbox 911 3005 1017 3057; x_wconf 89' lang='lat' dir='ltr'><strong>nullum</strong></span> 
     </span>
     <span class='ocr_line' id='line_1_23' title="bbox 258 3075 928 3156; baseline 0.001 -16"><span class='ocrx_word' id='word_1_116' title='bbox 258 3089 349 3140; x_wconf 88' lang='lat' dir='ltr'><strong>Saeva</strong></span> <span class='ocrx_word' id='word_1_117' title='bbox 361 3097 446 3156; x_wconf 88' lang='lat' dir='ltr'><strong>caput</strong></span> <span class='ocrx_word' id='word_1_118' title='bbox 459 3087 626 3155; x_wconf 87' lang='lat' dir='ltr'><strong>Proserpina</strong></span> <span class='ocrx_word' id='word_1_119' title='bbox 638 3087 716 3156; x_wconf 85' lang='lat' dir='ltr'><strong>sugit.</strong></span> <span class='ocrx_word' id='word_1_120' title='bbox 926 3075 928 3080; x_wconf 40' lang='lat'>¹</span> 
     </span>
    </p>
   </div>
   <div class='ocr_carea' id='block_1_8' title="bbox 221 3244 931 3562">
    <p class='ocr_par' dir='ltr' id='par_1_13' title="bbox 223 3244 916 3398">
     <span class='ocr_line' id='line_1_24' title="bbox 223 3244 866 3314; baseline 0.002 -18"><span class='ocrx_word' id='word_1_121' title='bbox 223 3245 271 3297; x_wconf 88' lang='lat' dir='ltr'><strong>Me</strong></span> <span class='ocrx_word' id='word_1_122' title='bbox 284 3261 394 3314; x_wconf 92' lang='lat' dir='ltr'><strong>quoque</strong></span> <span class='ocrx_word' id='word_1_123' title='bbox 407 3244 504 3300; x_wconf 88' lang='lat' dir='ltr'><strong>devexi</strong></span> <span class='ocrx_word' id='word_1_124' title='bbox 517 3244 632 3313; x_wconf 91' lang='lat' dir='ltr'><strong>rapidus</strong></span> <span class='ocrx_word' id='word_1_125' title='bbox 645 3260 739 3298; x_wconf 87' lang='lat' dir='ltr'><strong>comes</strong></span> <span class='ocrx_word' id='word_1_126' title='bbox 754 3245 866 3297; x_wconf 91' lang='lat' dir='ltr'><strong>Orionis</strong></span> 
     </span>
     <span class='ocr_line' id='line_1_25' title="bbox 259 3326 916 3398; baseline 0 -19"><span class='ocrx_word' id='word_1_127' title='bbox 259 3327 376 3395; x_wconf 88' lang='lat' dir='ltr'><strong>Illyricis</strong></span> <span class='ocrx_word' id='word_1_128' title='bbox 390 3329 482 3382; x_wconf 91' lang='lat' dir='ltr'><strong>Notus</strong></span> <span class='ocrx_word' id='word_1_129' title='bbox 495 3326 588 3382; x_wconf 91' lang='lat' dir='ltr'><strong>obruit</strong></span> <span class='ocrx_word' id='word_1_130' title='bbox 601 3326 691 3380; x_wconf 91' lang='lat' dir='ltr'><strong>undis.</strong></span> <span class='ocrx_word' id='word_1_131' title='bbox 915 3391 916 3398; x_wconf 8' lang='grc' dir='ltr'>ἵ</span> 
     </span>
    </p>

    <p class='ocr_par' dir='ltr' id='par_1_14' title="bbox 221 3409 931 3562">
     <span class='ocr_line' id='line_1_26' title="bbox 221 3409 931 3479; baseline 0.003 -17"><span class='ocrx_word' id='word_1_132' title='bbox 221 3410 259 3463; x_wconf 92' lang='lat' dir='ltr'><strong>At</strong></span> <span class='ocrx_word' id='word_1_133' title='bbox 272 3420 310 3475; x_wconf 93' lang='lat' dir='ltr'><strong>tu,</strong></span> <span class='ocrx_word' id='word_1_134' title='bbox 323 3419 418 3478; x_wconf 89' lang='lat' dir='ltr'><strong>nauta,</strong></span> <span class='ocrx_word' id='word_1_135' title='bbox 430 3427 519 3479; x_wconf 84' lang='lat' dir='ltr'><strong>vagae</strong></span> <span class='ocrx_word' id='word_1_136' title='bbox 532 3427 567 3464; x_wconf 93' lang='lat' dir='ltr'><strong>ne</strong></span> <span class='ocrx_word' id='word_1_137' title='bbox 580 3426 664 3478; x_wconf 90' lang='lat' dir='ltr'><strong>parce</strong></span> <span class='ocrx_word' id='word_1_138' title='bbox 678 3409 817 3479; x_wconf 88' lang='lat' dir='ltr'><strong>malignus</strong></span> <span class='ocrx_word' id='word_1_139' title='bbox 831 3428 931 3464; x_wconf 90' lang='lat' dir='ltr'><strong>arenae</strong></span> 
     </span>
     <span class='ocr_line' id='line_1_27' title="bbox 258 3492 676 3562; baseline 0.005 -18"><span class='ocrx_word' id='word_1_140' title='bbox 258 3493 377 3546; x_wconf 89' lang='lat' dir='ltr'><strong>Ossibus</strong></span> <span class='ocrx_word' id='word_1_141' title='bbox 391 3503 418 3547; x_wconf 91' lang='lat' dir='ltr'><strong>et</strong></span> <span class='ocrx_word' id='word_1_142' title='bbox 431 3493 516 3562; x_wconf 89' lang='lat' dir='ltr'><strong>capiti</strong></span> <span class='ocrx_word' id='word_1_143' title='bbox 530 3492 676 3546; x_wconf 89' lang='lat' dir='ltr'><strong>inhumato</strong></span> 
     </span>
    </p>
   </div>
   <div class='ocr_carea' id='block_1_9' title="bbox 0 0 1400 4162">
    <p class='ocr_par' dir='ltr' id='par_1_15' title="bbox 0 0 1400 4162">
     <span class='ocr_line' id='line_1_28' title="bbox 0 0 1400 4162; baseline 0 0"><span class='ocrx_word' id='word_1_144' title='bbox 0 0 1400 4162; x_wconf 95' lang='lat' dir='ltr'><strong> </strong></span> 
     </span>
    </p>
   </div>
  </div>
 </body>
</html>
