2804 4176
485 503 584 546 nrum.
631 503 761 547 currum
784 503 846 546 xvr.
1033 490 1087 547 161

300 632 392 702 Impia
403 632 552 702 perdemus
565 631 658 685 devoti
672 632 816 700 sanguinis
829 641 916 701 aetas,
962 651 964 654 ’

334 715 467 786 Ferisque
480 731 574 769 rursus
587 715 769 784 occupabitur
781 717 879 770 solum.

298 799 447 866 Barbarus,
459 799 514 852 heu
527 800 532 852 !
552 798 658 852 cineres
672 798 780 852 insistet
793 799 889 866 victor,
902 806 930 852 et
945 798 1053 853 Urbem

333 884 428 952 Eques
441 891 559 936 sonante
571 880 729 935 verberabit
741 883 845 950 ungula
855 901 863 946 ;

299 965 433 1035 Quaeque
446 973 541 1018 carent
553 965 644 1018 ventis
658 974 686 1018 et
698 964 812 1032 solibuS,
826 981 891 1018 ossa
905 964 1014 1034 Quirini

333 1047 433 1116 (Nefas
446 1047 551 1116 videre)
565 1047 713 1116 dissipabit
726 1047 848 1101 insolens
861 1050 867 1102 l

298 1131 382 1184 Forte
395 1130 463 1200 quid
475 1131 614 1200 expediat,
627 1130 820 1197 communiter,
833 1139 881 1185 aut
894 1130 992 1184 melior
1001 1147 1075 1201 pars,

333 1214 417 1267 Malis
431 1230 524 1268 carere
537 1213 669 1283 quaeritis
681 1214 833 1268 laboribus.

298 1298 385 1352 Nulla
397 1297 433 1351 sit
445 1298 499 1352 hac
511 1297 603 1367 potior
615 1297 755 1351 sententia
766 1317 772 1362 ;
793 1298 985 1351 Phocaeorum

331 1381 415 1434 Velut
426 1380 548 1450 profugit
560 1388 704 1434 exsecrata
716 1380 823 1447 civitas,

295 1463 386 1532 Agros
399 1472 482 1534 atque
498 1465 582 1517 Lares
595 1463 709 1532 patrios,
721 1462 931 1533 habitandaque
944 1462 1010 1517 sana

330 1547 413 1617 Apris
426 1547 536 1617 reliquit
549 1555 577 1601 et
589 1546 737 1616 rapacibus
750 1546 822 1615 lupis
835 1565 842 1612 3

297 1630 349 1697 Ire,
362 1630 447 1699 pedes
461 1647 627 1700 quocunque
639 1629 736 1696 serent,
750 1645 916 1700 quocunque
928 1645 978 1699 per
990 1629 1080 1686 undas

331 1715 424 1767 Notus
436 1713 557 1780 vocabit,
570 1721 618 1766 aut
630 1721 774 1782 protervus
787 1712 906 1767 Africus.

295 1796 342 1851 Sic
355 1798 464 1866 placet?
483 1814 520 1850 an
533 1796 632 1850 melius
646 1796 708 1866 quis
720 1797 806 1851 habet
819 1797 954 1851 suadere?
973 1798 1096 1852 secunda

330 1881 433 1935 Ratem
446 1897 582 1950 occupare
595 1879 663 1950 quid
675 1896 817 1934 moramur
830 1881 916 1934 alite?

296 1963 352 2017 Sed
361 1963 486 2032 juremus
500 1962 529 2016 in
541 1963 628 2016 haec:
649 1961 740 2016 Simul
752 1962 816 2016 imis
829 1980 898 2017 saxa
909 1963 1033 2018 renarint

329 2046 417 2099 Vadis
430 2046 530 2112 levata,
543 2061 578 2099 ne
591 2045 682 2098 redire
694 2045 730 2100 sit
743 2045 830 2113 nefas,

296 2129 360 2182 Neu
373 2145 507 2182 conversa
520 2128 636 2182 domum
648 2128 743 2198 pigeat
755 2129 823 2183 dare
834 2129 929 2197 lintea,
942 2129 1055 2200 quando

330 2210 424 2265 Padus
438 2211 549 2264 Matina
560 2211 657 2264 laverit
671 2211 826 2278 cacumina,

296 2295 329 2346 In
343 2310 420 2348 mare
433 2310 482 2347 seu
495 2294 585 2347 celsus
598 2293 765 2362 procurrerit
777 2295 950 2362 ApenninuS,

331 2377 468 2446 Novaque
480 2385 607 2429 monstra
616 2375 739 2444 junxerit
748 2375 865 2430 libidine

295 2459 385 2512 Mirus
398 2475 495 2523 amor;
511 2458 589 2526 juvet
602 2467 633 2512 ut
645 2458 730 2526 tigres
744 2458 888 2513 subsidere
900 2459 997 2526 cervis,

328 2542 507 2596 Adulteretur
520 2550 547 2595 et
560 2541 692 2595 columba
703 2541 799 2608 miluo,

295 2625 415 2680 Credula
426 2640 478 2678 nec
491 2641 572 2678 ravos
586 2625 704 2678 timeant
717 2633 845 2677 armenta
856 2624 960 2692 leones,

327 2710 465 2778 Ametque
478 2709 553 2761 salsa
565 2707 632 2762 levis
645 2707 739 2761 hircus
751 2724 879 2777 aequora

293 2794 383 2860 Haec,
396 2801 424 2846 et
436 2808 507 2862 quae
519 2799 650 2861 poterunt
662 2791 767 2845 reditus
780 2790 946 2844 abscindere
958 2791 1063 2854 dulces,

328 2877 435 2930 Eamus
448 2875 540 2929 omnis
553 2883 696 2929 exsecrata
708 2874 815 2941 civitaS,

290 2962 348 3014 Aut
359 2976 424 3029 pars
437 2957 551 3012 indocili
564 2957 662 3011 melior
673 2973 757 3026 grege
768 2976 775 3022 ;
794 2956 886 3011 mollis
900 2965 927 3011 et
940 2974 1039 3027 exspes

328 3042 489 3096 Inominata
500 3041 654 3111 perprimat
666 3040 776 3095 cubilia.

290 3128 358 3193 Vos,
371 3125 471 3196 quibus
485 3133 527 3178 est
539 3124 634 3191 virtus,
647 3123 811 3177 muliebrem
823 3122 911 3177 tollite
924 3124 1038 3192 luctum,

326 3211 446 3263 Etrusca
458 3217 568 3278 praeter
580 3217 608 3260 et
619 3207 712 3261 volate
724 3206 813 3260 litora.

291 3294 352 3346 Nos
365 3300 461 3345 manet
475 3293 605 3345 Oceanus
619 3289 831 3358 circumvagos:
852 3306 927 3358 arva,
939 3291 1023 3345 beata

325 3376 457 3429 Petamus
470 3391 545 3440 arva,
558 3373 658 3427 divites
671 3381 699 3427 et
712 3373 825 3440 insulas,

289 3459 394 3513 Reddit
407 3459 455 3514 ubi
468 3475 589 3512 cererem
602 3456 683 3512 tellus
696 3457 805 3510 inarata
818 3457 976 3527 quotannis,

325 3544 362 3597 Et
375 3537 513 3612 imputata
525 3541 604 3595 floret
616 3557 705 3611 usque
717 3540 806 3609 vinea,

644 3658 669 3699 M
