2792 4168
328 448 387 520 136

584 458 716 501 HORATII
741 455 913 501 CARMINUM

596 750 783 803 CARMEN
816 749 902 802 XIV.

625 899 669 939 xn
687 897 869 942 nucusrun.

469 1024 559 1092 QUAE
571 1038 638 1076 cura
649 1030 760 1091 patrum
774 1037 880 1091 quaeve
894 1019 1044 1090 Quiritium

468 1106 562 1160 Plenis
575 1106 714 1159 honorum
726 1104 888 1158 muneribus
901 1113 973 1173 tuas,

500 1191 635 1258 Auguste,
647 1188 762 1242 virtutes
775 1187 804 1240 in
817 1204 918 1241 aevum

538 1275 591 1326 Per
603 1271 699 1326 titulos
711 1287 905 1341 memoresque
917 1269 1005 1324 fastos

466 1393 619 1448 Aetemet?
653 1394 687 1460 O,
700 1409 756 1462 qua
769 1393 810 1445 sol
822 1391 991 1454 habitabiles

469 1479 591 1531 Illustrat
604 1492 676 1543 oras,
688 1475 810 1528 maxime
822 1474 980 1544 principum
992 1476 997 1528 !

504 1561 595 1630 Quem
607 1559 676 1628 legis
689 1565 816 1626 expertes
831 1557 947 1611 Latinae

536 1641 676 1695 Vindelici
688 1640 811 1694 didicere
823 1657 920 1708 nuper,

469 1764 544 1834 Quid
557 1764 649 1816 Marte
662 1779 769 1832 posses.
796 1761 899 1817 -Milite
910 1778 978 1815 nam
990 1771 1039 1817 tuo

469 1849 579 1900 Drusus
593 1847 753 1913 Genaunos,
767 1845 950 1915 implacidum
961 1862 1059 1915 genus,

504 1931 684 1998 Breunosque
696 1929 814 1996 veloces,
827 1937 854 1982 et
867 1945 945 1982 arces

537 2011 655 2080 Alpibus
669 2011 815 2081 impositas
828 2011 979 2066 tremendis

468 2131 578 2202 Dejecit
591 2148 656 2186 acer
667 2132 731 2201 plus
743 2132 804 2186 vice
817 2131 945 2201 simplici.

469 2215 563 2284 Major
576 2216 723 2268 Neronum
735 2231 801 2269 mox
813 2231 898 2284 grave
910 2213 1044 2284 proelium
1059 2267 1064 2275 ,

503 2297 659 2365 Commisit,
673 2299 864 2368 immanesque
878 2301 982 2352 Raetos

537 2380 678 2452 Auspiciis
691 2381 798 2451 pepulit
811 2381 950 2449 secundis

469 2500 646 2572 spectandus
659 2500 688 2554 in
700 2500 980 2568 certamineMartio,
1042 2529 1065 2578 ..¹

469 2586 580 2638 Devota
591 2583 675 2637 morti
688 2592 803 2652 pectora
814 2584 919 2644 liberae¹
1005 2627 1007 2634 Α

505 2666 624 2736 Quantis
637 2666 766 2735 fatigaret
777 2666 864 2721 ruinis
877 2686 884 2731 ;

539 2749 695 2804 Indomitas
707 2766 794 2819 prope
807 2749 896 2821 qualis
909 2749 1000 2804 undas

469 2873 588 2926 Exercet
600 2871 711 2938 Auster,
726 2871 873 2925 Pleiadum
884 2871 971 2926 choro
1061 2883 1066 2932 ,’

470 2955 622 3009 Scindente
635 2955 732 3022 nubes,
745 2954 864 3024 impiger
875 2955 1000 3009 hostium
1063 2985 1066 3003 ι

503 3039 611 3092 Vexare
624 3047 739 3105 turmas,
751 3045 779 3091 et
791 3037 956 3092 frementem

541 3120 654 3175 Mittere
667 3137 770 3198 equum
782 3121 891 3176 medios
903 3138 953 3192 per
966 3122 1053 3191 ignes.

471 3241 519 3296 Sic
532 3241 700 3295 tauriformis
713 3241 833 3296 volvitur
844 3240 970 3308 Aufidus

472 3324 527 3394 Qui
540 3341 626 3393 regna
639 3325 734 3378 Dauni
747 3325 875 3394 praefluit
886 3323 979 3393 Apuli,

507 3408 579 3461 Cum
592 3407 689 3475 saevit,
702 3406 926 3477 horrendamque
938 3406 1020 3461 cultis

542 3489 683 3552 Diluviem
695 3489 846 3544 meditatur
858 3489 931 3559 agris
943 3507 950 3554 ;
