2792 4168
680 450 812 493 HORATlI

458 581 541 634 Alme
555 580 612 648 Sol,
625 596 706 634 curru
718 579 809 633 nitido
821 579 897 633 diem
909 578 957 649 qui

460 663 569 717 Promis
582 672 610 716 et
622 663 706 730 celas
719 662 845 732 aliusque
858 671 886 716 et
900 661 975 714 idem

460 745 602 813 Nasceri5‚
615 744 706 815 possis
719 745 789 798 nihil
802 746 869 798 urbe
883 746 975 798 Roma

528 830 626 883 Visere
638 828 737 897 majus.

460 967 525 1021 Rite
538 974 663 1019 maturos
676 962 785 1033 aperire
796 971 893 1033 partus

459 1049 542 1104 Lenis
557 1048 677 1116 Ilithyia,
691 1057 768 1102 tuere
781 1056 884 1101 matres
895 1066 902 1111 ;

460 1133 525 1188 Sive
538 1142 568 1186 tu
583 1131 690 1185 Lucina
702 1130 805 1199 probas
817 1128 921 1196 vocari,

530 1215 585 1269 Seu
599 1213 746 1268 Genitalis.

460 1348 543 1416 Diva,
556 1347 696 1417 producas
709 1346 844 1413 sobolem,
857 1354 1024 1415 patrumque

459 1434 609 1501 Prosperes
622 1431 736 1484 decreta
748 1446 832 1498 super
841 1428 975 1498 jugandis

460 1514 584 1569 Feminis
598 1514 738 1583 prolisque
750 1528 840 1565 novae
852 1511 937 1565 feraci

530 1598 604 1665 Lege
616 1596 718 1649 marita
729 1613 735 1648 :

461 1734 559 1788 Certus
572 1733 699 1787 undenos
712 1732 804 1786 decies
817 1749 868 1802 per
879 1749 968 1787 annos

462 1817 546 1871 Orbis
559 1826 589 1869 ut
602 1817 703 1869 cantus
715 1815 871 1887 referatque
883 1816 972 1884 ludoS,

461 1905 517 1957 Ter
529 1903 575 1957 die
588 1904 672 1969 claro,
686 1902 824 1974 totiesque
837 1913 917 1973 grata

531 1992 624 2045 Nocte
636 1991 801 2062 frequentes.

458 2124 572 2195 Vosque
584 2141 698 2178 veraces
711 2123 854 2193 cecinisse,
869 2125 983 2193 Parcae,

460 2206 543 2276 Quod
556 2207 643 2260 semel
655 2206 762 2261 dictum
775 2218 826 2276 est,
840 2208 1004 2279 stabilisque
1016 2224 1109 2262 rerum

458 2290 608 2344 Terminus
622 2300 723 2358 servat,
735 2291 812 2346 bona
821 2292 882 2362 jam
895 2292 1015 2362 peractis

530 2373 643 2444 Jungite
656 2374 722 2428 fata.

460 2495 570 2550 Fertilis
583 2496 695 2565 frugum
706 2497 871 2568 pecorisque
882 2497 979 2551 Tellus

460 2581 562 2651 Spicea
573 2581 659 2635 donet
673 2583 803 2635 Cererem
816 2597 938 2646 corona3

462 2664 596 2718 Nutriant
609 2664 681 2718 setus
694 2674 722 2718 et
734 2681 824 2735 aquae
838 2664 963 2718 salubres

530 2748 568 2799 Et
579 2746 657 2814 Jovis
669 2764 760 2801 aurae.

460 2867 581 2922 Condito
594 2867 670 2921 mitis
684 2867 866 2937 placidusque
878 2867 935 2921 telo

459 2950 606 3019 Supplices
618 2950 684 3004 audi
697 2966 806 3019 pueros,
819 2951 920 3019 Apollo
932 2969 940 3015 ;

460 3032 590 3088 Siderum
602 3033 699 3102 regina
710 3032 834 3087 bicornis
846 3031 921 3099 audi,

532 3117 618 3184 Luna,
631 3117 757 3186 puellas:

459 3240 552 3293 Roma
564 3239 589 3294 si
601 3248 725 3296 vestrum
737 3248 781 3294 est
793 3256 872 3309 opus,
887 3238 1011 3310 Iliaeque

460 3327 538 3381 Litus
553 3328 704 3382 Etruscum
716 3337 829 3382 tenuere
842 3335 959 3394 turmae,

458 3410 541 3478 Jussa
552 3426 617 3478 pars
630 3419 739 3464 mutare
751 3411 823 3465 lares
836 3419 864 3464 et
876 3410 973 3464 urbem

528 3490 639 3561 Sospite
652 3509 734 3547 cursu
745 3511 753 3558 3
