2792 4168
490 483 592 530 itanu.
637 483 769 548 munau
792 484 829 527 1v.
980 491 981 496 ¹
1024 482 1080 540 147

351 618 427 689 Quid
438 619 493 675 hoc
506 618 606 675 veneni
619 618 708 673 saevit
720 618 749 673 in
761 617 950 689 praecordiis?

387 704 465 758 Num
477 703 619 773 viperinus
631 701 676 756 his
689 719 770 756 cruor

352 786 483 841 lncoctus
496 785 590 840 herbis
603 801 649 839 me
661 784 775 838 fefellit?
794 800 831 838 an
844 784 934 840 malas

386 868 506 924 Canidia
517 867 647 923 tractavit
658 866 767 937 dapes?

353 951 394 1006 Ut
405 952 583 1020 Argonautas
595 959 705 1021 praeter
717 966 815 1004 omnes
827 950 979 1006 candidum

391 1035 496 1088 Medea
506 1034 609 1088 mirata
620 1040 663 1088 est
675 1032 785 1100 ducem,

353 1117 455 1186 Ignota
467 1117 554 1170 tauris
566 1116 737 1186 illigatumm
745 1115 823 1186 juga,

332 1243 334 1248 ,
389 1199 751 1270 PerunxithocJasonem:

357 1284 421 1338 Hoc
434 1282 566 1337 delibutis
578 1283 637 1337 ulta
649 1281 730 1337 donis
742 1281 879 1352 pellicem,

390 1366 526 1436 Se'rpente
537 1365 608 1435 sugit
620 1365 695 1420 alite.

359 1451 387 1506 N
389 1467 421 1506 ec
434 1459 529 1504 tantus
542 1467 666 1522 unquam
679 1448 802 1504 siderum
813 1448 915 1504 insedit
927 1466 1014 1520 vapor

388 1533 555 1589 siticulosae
567 1533 685 1603 Apuliae
696 1551 704 1598 ς

355 1617 383 1670 N
386 1633 418 1672 ec
430 1633 532 1670 munus
545 1615 668 1670 humeris
681 1614 802 1671 efficacis
816 1616 947 1671 Herculis

392 1698 495 1753 Inarsit
508 1697 671 1753 aestuosius.
755 1732 757 1737 ·

355 1781 403 1849 At,
416 1781 439 1835 si
452 1781 520 1852 quid
533 1798 657 1853 unquam
670 1782 725 1836 tale
737 1782 938 1854 concupiveris,

388 1864 489 1933 Jocose
502 1865 663 1931 Maecenas,
675 1881 775 1934 precor

355 1947 475 2002 Manum
487 1949 580 2017 puella
592 1947 670 2002 savio
683 1958 807 2019 opponat
819 1959 876 2020 tuo,

391 2031 525 2084 Extrema
536 2040 564 2086 et
576 2031 604 2085 in
617 2030 728 2102 sponda
739 2032 829 2088 cubet.

525 2265 714 2321 CARMEN
747 2266 799 2319 lV.

576 2414 611 2457 IN
630 2413 754 2458 MENAM·

356 2536 449 2590 LUPIS
461 2543 489 2589 et
502 2533 583 2604 agnis
596 2542 702 2605 quanta
713 2533 811 2589 sortito
823 2533 933 2604 obtigit,

389 2619 498 2672 Tecum
509 2617 580 2672 mihi
592 2616 733 2672 discordia
744 2625 795 2685 est,

356 2699 497 2756 Hibericis
509 2709 620 2770 peruste
632 2699 744 2755 funibus
756 2701 838 2769 latus,

391 2786 429 2838 Et
441 2800 522 2838 cmra
534 2783 604 2839 dura
616 2782 760 2854 compede.

356 2867 434 2923 Licet
447 2867 582 2937 superbus
594 2867 721 2922 ambules
733 2866 860 2937 pecunia,

391 2951 517 3004 Fortuna
528 2967 585 3004 non
597 2957 688 3005 mutat
699 2966 795 3020 genus

354 3032 486 3100 Videsne,
499 3033 616 3088 Sacram
628 3033 761 3087 metiente
773 3041 801 3086 te
813 3031 888 3090 viam

391 3115 463 3172 Cum
474 3114 519 3169 bis
531 3114 616 3172 trium
628 3117 757 3170 ulnarum
769 3124 844 3184 toga,

357 3199 399 3252 Ut
412 3215 462 3252 ora
473 3207 563 3252 vertat
575 3199 630 3254 huc
643 3207 671 3254 et
683 3198 737 3252 huc
751 3198 876 3253 euntium

393 3281 547 3336 Liberrima
559 3281 733 3352 indignatio?

357 3365 456 3420 Sectus
468 3365 585 3434 flagellis
597 3365 643 3420 hic
653 3363 871 3424 triumviralibus

393 3448 543 3506 Praeconis
556 3447 593 3506 ad
605 3448 748 3506 fastidium

355 3532 426 3600 ,Arat
440 3532 550 3590 Falerni
562 3532 639 3594 mille
651 3531 729 3592 fundi
738 3532 845 3606 jugera,
