2748 4138
336 397 394 453 286
691 411 822 454 nonnrn

367 544 451 596 Musa
462 540 539 594 dedit
551 539 653 595 fidibus
667 541 764 608 Divos,
776 558 931 611 puerosque
945 544 1076 611 Deorum,

366 626 404 678 Et
416 624 538 693 pugilem
549 622 691 691 victorem,
704 633 731 678 et
744 640 846 694 equum
859 626 1009 680 certamine
1021 628 1150 696 primum,

367 710 404 762 Et
413 708 546 776 juvenum
559 723 648 774 curas,
660 717 688 760 et
700 706 788 760 libera
800 707 866 760 vina
877 707 984 762 referre.

366 789 529 858 Descriptas
542 805 651 842 servare
663 788 738 843 vices
752 805 922 859 operumque
935 791 1049 858 coloreS,

366 876 422 928 Cur
434 890 494 942 ego,
507 873 530 926 si
543 889 651 941 nequeo
665 872 825 941 ignoroque,
838 878 922 941 poeta
934 875 1058 928 salutor?

365 958 421 1010 Cur
432 955 547 1022 nescire,
559 955 667 1024 pudens
680 971 773 1024 prave,
786 972 870 1025 quam
883 956 990 1010 discere
1002 959 1096 1011 malo?

364 1040 497 1093 Versibus
510 1038 610 1107 exponi
622 1038 736 1106 tragicis
748 1055 792 1092 res
805 1038 914 1092 comica
925 1056 982 1093 non
994 1041 1051 1094 volt
1063 1060 1068 1093 z

365 1122 530 1191 Indignatur
542 1121 610 1174 item
622 1120 745 1190 privatis,
758 1137 791 1174 ac
804 1130 890 1190 prope
903 1138 986 1176 socco

364 1206 465 1275 Dignis
479 1204 647 1259 carminibus
660 1204 766 1258 narrari
779 1221 867 1258 coena
879 1205 1026 1272 Thyestae.

364 1289 481 1357 Singula
493 1303 618 1357 quaeque
630 1287 724 1340 locum
736 1296 849 1340 teneant
862 1287 960 1341 sortita
972 1289 1107 1342 decenter.

364 1372 507 1426 Interdum
520 1379 614 1424 tamen
627 1379 655 1423 et
667 1386 765 1424 vocem
778 1369 925 1423 comoedia
936 1371 1016 1437 tollit,

363 1457 508 1524 Iratusque
522 1454 654 1508 Chremes
667 1452 774 1506 tumido
787 1452 912 1521 delitigat
925 1470 989 1506 ore:

361 1541 399 1592 Et
411 1538 533 1607 tragicus
545 1538 707 1607 plerumque
719 1536 795 1590 dolet
807 1553 934 1590 sermone
947 1537 1075 1606 pedestri.

361 1622 501 1692 Telephus
513 1630 541 1675 et
555 1621 661 1687 Peleus,
674 1637 738 1673 cum
750 1635 855 1688 pauper
868 1627 895 1674 et
908 1621 993 1688 exsul,
1006 1629 1119 1691 uterque

362 1704 475 1773 Projicit
488 1703 624 1772 ampullas
637 1713 664 1755 et
678 1702 884 1771 sesquipedalia
895 1704 989 1770 verba,

361 1788 391 1842 si
405 1796 482 1841 curat
495 1803 543 1839 cor
555 1784 708 1854 spectantis
721 1784 844 1853 tetigisse
857 1787 975 1855 querela

360 1873 427 1925 Non
440 1869 508 1923 satis
521 1878 563 1921 est
575 1868 692 1936 pulchra
703 1883 765 1921 esse
777 1874 926 1937 poemata3
945 1869 1038 1923 dulcia
1050 1880 1140 1936 sunto,

360 1957 405 2021 Et,
419 1968 583 2023 quocunque
595 1951 697 2018 volent,
710 1951 834 2006 animum
847 1952 981 2006 auditoris
994 1963 1104 2021 agunto.

360 2037 401 2091 Ut
413 2036 567 2090 ridentibus
580 2034 710 2102 arrident,
725 2034 764 2088 ita
776 2035 907 2088 flentibus
920 2035 1022 2090 adsunt

359 2119 484 2174 Humani
497 2119 604 2172 voltus:
625 2117 649 2171 si
661 2117 703 2170 vis
716 2133 761 2170 me
775 2117 847 2184 flere,
861 2117 1012 2172 dolendum
1025 2129 1067 2172 est

359 2203 483 2256 Primum
495 2201 548 2270 ipsi
561 2200 629 2254 tibi:
649 2209 715 2254 tunc
728 2209 777 2254 tua
789 2217 834 2253 me
847 2200 998 2255 infortunia
1009 2201 1129 2269 laedent,

357 2286 489 2355 Telephe,
501 2285 545 2338 vel
559 2284 642 2337 Peleu
653 2303 660 2349 ;
679 2284 753 2336 male
766 2283 789 2336 si
802 2284 936 2337 mandata
948 2284 1079 2354 loqueris,

358 2371 414 2422 Aut
426 2368 592 2434 dormitabo,
606 2376 653 2421 aut
665 2367 770 2420 ridebo
807 2366 912 2420 Tristia
923 2378 1063 2422 maestum

355 2452 471 2506 Voltum
482 2452 567 2504 verba
580 2451 679 2504 decent
690 2470 697 2514 ;
716 2450 818 2504 iratum
830 2449 914 2518 plena
925 2451 1064 2506 minarum
1076 2471 1082 2515 ;

359 2534 513 2589 Ludentem
525 2533 630 2587 lasciva
641 2553 648 2598 3
667 2549 793 2586 severum
806 2532 878 2585 seria
891 2532 974 2587 dictu.

359 2620 474 2672 Format
486 2616 560 2670 enirn
573 2625 673 2670 natura
684 2615 760 2684 prius
773 2633 824 2668 nos
838 2615 911 2669 intus
924 2617 961 2670 ad
974 2633 1086 2670 omnem

357 2703 542 2755 Fortunarum
554 2698 700 2762 habitum;
714 2698 802 2767 juvat,
815 2707 863 2752 aut
876 2699 992 2768 impellit
1005 2700 1041 2753 ad
1054 2700 1132 2767 iram,

353 2787 411 2838 Aut
423 2784 460 2837 ad
472 2783 588 2836 humum
601 2798 725 2835 maerore
737 2782 815 2851 gravi
828 2782 948 2850 deducit,
961 2793 989 2837 et
1001 2783 1078 2852 angit
1090 2805 1096 2848 ;

355 2872 421 2922 Post
435 2866 512 2920 effert
525 2865 611 2918 animi
623 2874 715 2919 motus
728 2865 876 2934 interprete
889 2865 990 2934 lingua.

356 2952 386 3006 Si
400 2949 517 3026 dicentis
530 2957 610 3002 erunt
621 2947 738 3003 fortunis
751 2950 858 3002 absona
869 2948 953 3016 dieta,

353 3033 474 3109 Romani
487 3033 584 3086 tollent
597 3032 704 3101 equites
717 3031 881 3100 peditesque
894 3031 1069 3085 cachinnum.

356 3115 484 3170 Intererit
496 3116 624 3182 multum,
638 3115 763 3168 Divusne
775 3115 911 3183 loquatur,
924 3131 961 3167 an
973 3114 1055 3168 heros
1067 3134 1073 3178 ;

355 3202 519 3254 Maturusne
532 3215 623 3266 senex,
637 3216 673 3251 an
686 3197 777 3251 adhuc
790 3196 905 3250 florente
914 3195 1031 3265 juventa

352 3281 486 3337 Fervidus
498 3301 505 3345 ;
524 3290 551 3334 et
563 3289 692 3335 matrona
703 3288 811 3350 potens,
824 3296 860 3332 an
873 3279 970 3334 sedula
982 3279 1073 3334 nutrix
1086 3299 1093 3345 3

354 3368 530 3420 Mercatome
542 3381 638 3434 vagus,
651 3363 775 3419 cultorne
787 3362 901 3416 virentis
914 3362 996 3432 agelli
1007 3381 1014 3427 ;

352 3447 482 3515 Colchus,
495 3464 531 3501 an
543 3447 674 3516 Assyrius
686 3467 692 3513 ;
712 3446 817 3500 Thebis
829 3445 957 3514 nutritus,
970 3463 1007 3498 an
1021 3446 1111 3514 Argis.
1129 3461 1166 3498 ns
