2804 4176
449 452 543 494 LIBER
566 453 584 494 1.
631 449 779 494 EPISTOLA
800 450 826 492 V.
1001 452 1056 504 241

272 586 394 638 Omnem
406 582 488 636 crede
501 582 576 636 diem
589 581 641 637 tibi
654 580 786 635 diluxisse
799 596 976 650 supremum:

271 668 360 721 Grata
372 665 555 735 superveniet,
569 681 640 735 quae
652 680 710 717 non
723 664 887 733 sperabitur,
901 663 977 716 hora.

272 751 321 803 Me
333 749 466 818 pinguem
478 757 506 802 et
517 747 638 801 nitidum
650 746 723 800 bene
735 755 833 801 curata
845 754 908 800 cute
919 745 1002 810 vises

272 834 344 886 Cum
355 831 446 886 ridere
457 832 543 897 voles,
557 829 672 899 Epicuri
685 829 721 883 de
732 845 818 898 grege
830 844 953 898 porcum
1049 861 1057 885 1

499 1065 661 1118 EPISTO
671 1065 725 1117 LA
748 1065 781 1116 V.

508 1209 551 1251 no
569 1209 775 1263 ronQuAruM.

274 1333 306 1385 Sl
320 1340 399 1400 potes
411 1330 557 1384 Archiacis
571 1330 690 1385 conviva
701 1330 865 1384 recumbere
877 1329 965 1393 lectis,

274 1416 334 1468 Nec
347 1414 459 1468 modica
471 1430 589 1469 coenare
602 1415 685 1468 times
699 1415 761 1468 olus
774 1429 858 1467 omne
870 1413 981 1482 patella,

274 1499 411 1567 Supremo
423 1507 451 1551 te
464 1498 522 1550 sole
535 1498 620 1564 domi,
633 1499 783 1568 Torquate,
797 1496 925 1550 manebo.

272 1581 347 1634 Vina
358 1580 448 1648 bibes,
460 1580 561 1634 iterum
574 1581 668 1634 Tauro
681 1580 784 1634 diffusa
796 1580 933 1649 palustres

275 1665 351 1717 Inter
364 1663 524 1717 Minturnas
537 1663 797 1733 Sinuessanumque
810 1662 962 1716 Petrinum.

275 1747 305 1800 Si
318 1747 417 1801 melius
431 1746 499 1817 quid
510 1747 608 1815 habes,
622 1763 740 1808 arcesse,
756 1747 800 1800 vel
813 1745 961 1815 imperium
974 1743 1021 1796 ser.

272 1831 445 1899 Jamdudum
457 1830 586 1900 splendet
599 1831 686 1899 focus,
700 1840 728 1885 et
740 1829 792 1884 tibi
804 1828 911 1883 munda
923 1829 1053 1897 supellex.

275 1913 358 1966 Mitte
369 1915 445 1968 leves
458 1930 531 1983 spes,
544 1923 572 1969 et
585 1915 740 1969 certamina
752 1913 920 1978 divitiarum,

277 1997 314 2048 Et
327 1997 439 2051 Moschi
452 2013 568 2050 causam
581 2017 586 2051 :
608 2015 670 2052 cras
683 2007 750 2051 nato
764 1998 885 2050 Caesare
898 1995 984 2049 festus

277 2080 335 2132 Dat
346 2079 458 2132 veniam
471 2096 657 2151 somnumque
670 2081 730 2134 dies
743 2099 749 2144 ;
768 2080 883 2149 impune
896 2078 992 2132 licebit

275 2160 420 2214 Aestivam
434 2177 561 2216 sermone
573 2164 696 2232 benigno
709 2162 822 2217 tendere
835 2171 954 2216 noctem.

277 2244 341 2312 Quo
352 2243 422 2296 mihi
434 2243 582 2311 fortunam,
595 2245 619 2298 si
631 2262 689 2299 non
702 2245 864 2299 conceditur
876 2243 938 2298 uti?

278 2327 382 2379 Parcus
395 2326 432 2380 ob
445 2326 555 2380 heredis
569 2344 665 2381 curam
677 2327 850 2397 nimiumque
863 2342 974 2380 severus

277 2408 391 2463 Assidet
404 2408 511 2463 insano.
549 2411 651 2464 Potare
664 2420 691 2464 et
704 2427 835 2479 spargere
847 2409 929 2463 flores

279 2491 425 2560 Incipiam,
438 2492 584 2562 patiarque
597 2494 641 2546 vel
654 2493 827 2546 inconsultus
840 2491 944 2546 haberi.

280 2575 355 2645 Quid
366 2592 423 2629 non
436 2576 556 2630 ebrietas
569 2576 719 2646 designat?
755 2578 861 2646 Operta
872 2576 989 2630 recludit
1000 2596 1007 2639 ;

279 2659 350 2727 Spes
359 2658 440 2727 jubet
453 2675 515 2713 esse
527 2670 603 2714 ratas
615 2679 622 2725 ;
641 2660 678 2714 ad
690 2660 797 2730 proelia
809 2659 895 2714 trudit
909 2659 1025 2713 inertem
1037 2679 1043 2723 ;

279 2741 410 2795 Sollicitis
423 2742 525 2795 animis
537 2760 609 2797 onus
621 2743 717 2797 eximit
729 2763 735 2808 ;
754 2743 874 2796 addocet
886 2753 966 2797 artes.

279 2824 405 2878 Fecundi
417 2826 520 2879 calices
532 2842 616 2896 quern
629 2843 686 2880 non
699 2825 788 2880 secere
801 2826 956 2880 disertum?

280 2909 432 2962 Contracta
445 2925 528 2978 quem
541 2926 598 2963 non
611 2910 641 2963 in
653 2917 817 2979 paupertate
830 2909 972 2963 solutum?

283 2993 363 3045 Haec
375 3008 428 3060 ego
440 3008 589 3061 procurare
602 3004 630 3047 et
643 2993 761 3048 idoneus
773 2994 902 3063 imperor,
916 3002 943 3047 et
956 3011 1012 3047 non

281 3074 389 3128 Invitus
400 3094 407 3140 ;
428 3091 464 3129 ne
476 3084 556 3145 turpe
569 3076 648 3144 toral,
661 3094 696 3130 ne
710 3077 824 3131 sordida
835 3092 940 3146 mappa

281 3160 416 3226 Corruget
429 3174 511 3211 nares
523 3177 529 3222 ;
549 3176 585 3212 ne
597 3176 654 3213 non
667 3168 694 3212 et
706 3159 857 3213 cantharus
870 3169 898 3213 et
909 3161 974 3212 lanx

282 3241 421 3296 Ostendat
434 3241 485 3296 tibi
497 3251 525 3294 te
538 3261 545 3306 3
563 3258 600 3295 ne
612 3242 683 3296 fidos
696 3243 768 3296 inter
779 3242 885 3296 amicos

281 3325 332 3392 Sit,
346 3324 394 3394 qui
406 3324 483 3379 dicta
495 3324 569 3378 foras
583 3326 707 3380 eliminet
718 3345 725 3390 ;
744 3334 774 3380 ut
787 3331 867 3380 coeat
879 3343 931 3395 par

280 3410 471 3480 jungaturque
483 3409 553 3478 pari.
593 3411 710 3464 Butram
722 3409 782 3477 tibi,
796 3409 1012 3481 Septiciumque,

262 3549 265 3556 ,
283 3493 320 3546 Et
332 3492 386 3547 nisi
399 3509 488 3546 coena
500 3492 576 3562 prior
587 3493 733 3563 potiorque
745 3493 838 3563 puella
852 3493 988 3548 Sabinum
1046 3529 1069 3564 27

643 3611 662 3652 R
