2792 4168
447 459 539 502 LIBER
562 458 602 503 IV.
646 460 776 503 CARMEN
800 459 840 502 1v.
1006 460 1072 516 1²3.

369 589 467 643 Fortes
480 599 609 643 creantur
620 587 737 642 fortibus
750 597 778 642 et
790 588 872 642 bonis
883 606 891 652 ;

368 673 420 725 Est
433 672 461 724 in
471 671 607 740 juvencis,
620 681 662 725 est
675 671 704 724 in
717 671 795 741 equis
808 680 920 740 patrum

401 745 608 824 Virtus,'neque
620 754 763 808 imbellem
775 753 881 808 feroces

439 838 628 906 Progenerant
640 836 750 907 aquilae
763 836 932 890 columbam.

369 969 506 1024 Doctrina
518 969 568 1022 sed
580 968 638 1022 vim
650 976 796 1038 promovet
808 967 931 1035 insitam,

368 1053 504 1123 Rectique
517 1053 608 1106 cultus
620 1061 736 1121 pectora
748 1052 898 1106 roborant:

404 1136 556 1205 Utcunque
568 1134 693 1188 defecere
705 1151 806 1200 mores,

440 1218 608 1272 Indecorant
620 1219 693 1272 bene
705 1226 773 1271 nata
785 1217 891 1286 culpae.

369 1351 444 1420 Quid
456 1351 568 1418 debeas,
581 1367 598 1404 o
612 1352 712 1418 Roma,
727 1348 896 1417 Neronibus,

367 1434 460 1488 Testis
474 1435 635 1488 Metaurum
647 1432 752 1486 flumen
764 1442 792 1486 et
806 1433 968 1487 Hasdrubal

403 1515 547 1584 Devictus,
560 1525 588 1569 et
600 1516 715 1585 pulcher
726 1514 829 1584 sugatis

440 1600 491 1653 Ille
503 1599 562 1653 dies
576 1599 657 1652 Latio
672 1597 803 1666 tenebris,

370 1732 425 1803 Qui
438 1733 544 1802 primus
558 1732 633 1785 alma
645 1730 705 1786 risit
718 1732 829 1799 adorea,

369 1816 455 1870 Dirus
467 1832 517 1885 per
528 1815 611 1869 urbes
624 1813 691 1868 Aser
703 1824 733 1868 ut
747 1815 843 1883 Italas,

405 1900 463 1952 Ceu
475 1898 590 1951 flamma
602 1914 651 1967 per
663 1896 770 1966 taedaS,
782 1898 827 1952 vel
841 1898 932 1953 Eurus

440 1983 492 2035 Per
506 1981 614 2035 Siculas
628 1980 763 2051 equitavit
775 1982 874 2036 undas.

370 2117 437 2169 Post
449 2115 503 2169 hoc
516 2113 646 2168 secundis
659 2131 748 2184 usque
760 2115 902 2169 laboribus

370 2200 499 2251 Romana
511 2197 600 2265 pubes
612 2197 707 2263 crevit,
720 2205 748 2250 et
761 2197 848 2266 impio

403 2281 523 2333 Vastata
536 2281 693 2333 Poenorum
706 2280 828 2332 tumultu

440 2363 521 2415 Fana
533 2361 600 2416 deos
613 2362 737 2416 habuere
750 2371 841 2415 rectos
852 2381 860 2426 ;

371 2493 504 2564 Dixitque
516 2492 632 2547 tandem
644 2492 766 2561 perfidus
781 2493 943 2546 Hannibal:

371 2577 460 2644 Cervi,
473 2577 602 2646 luporum
614 2574 720 2644 praeda
732 2575 884 2644 rapacium,

407 2662 553 2715 Sectamur
564 2660 645 2726 ultro,
658 2675 728 2728 quos
742 2657 853 2727 opimus

442 2744 550 2797 Fallere
562 2751 590 2796 et
603 2742 723 2811 effugere
736 2751 778 2796 est
791 2741 957 2812 triumphus.

372 2867 457 2931 Gens,
470 2880 542 2934 quae
554 2872 677 2917 cremato
689 2862 768 2916 fortis
781 2863 818 2916 ab
832 2863 884 2917 Ilio

369 2949 479 3017 Jactata
492 2946 592 3000 Tuscis
605 2945 781 3016 aequoribus,
795 2961 875 3000 sacra

408 3031 555 3099 Natosque
568 3039 748 3098 maturosque
760 3036 863 3097 patres,

444 3112 560 3166 Pertulit
572 3111 712 3166 Ausonias
726 3111 764 3165 ad
776 3111 868 3179 urbeS,

373 3234 458 3290 Duris
473 3242 503 3287 ut
515 3233 570 3288 ilex
582 3242 665 3286 tonsa
676 3231 845 3300 bipennibus

372 3318 478 3387 Nigrae
490 3316 575 3370 feraci
588 3315 695 3369 frondis
708 3315 737 3368 in
749 3314 861 3384 Algido,

408 3404 461 3455 Per
473 3399 585 3467 damna,
598 3415 648 3468 per
660 3398 769 3465 caedes,
783 3398 819 3451 ab
832 3398 895 3468 ipso

442 3483 528 3538 Ducit
540 3500 608 3553 opes
621 3482 801 3552 animumque
813 3481 895 3536 ferro.
