2792 4168
350 460 408 512 114

607 453 738 496 HORATII
764 451 938 494 CARMINUM

490 585 595 639 Omitte
608 583 702 638 mirari
714 584 814 636 beatae

523 669 644 720 Fumum
656 676 683 720 et
696 682 763 734 opes
777 663 978 733 strepitumque
992 664 1107 716 Romae.

452 827 617 895 Plerumque
629 833 726 894 gratae
739 821 871 876 divitibus
884 821 968 887 vices,

451 908 633 978 Mundaeque
645 923 732 977 parvo
745 905 797 959 sub
810 905 867 958 lare
879 920 1034 973 pauperum

485 993 598 1045 Coenae
611 989 671 1044 sine
684 987 787 1042 aulaeis
800 997 828 1041 et
841 995 916 1040 ostro

522 1073 676 1128 Sollicitam
689 1070 843 1140 explicuere
855 1068 983 1123 frontem.

449 1227 513 1295 Jam
526 1226 616 1278 clarus
629 1225 770 1279 occultum
781 1227 980 1281 Andromedae
992 1237 1072 1297 pater

451 1308 582 1362 Ostendit
595 1307 698 1376 ignem,
708 1307 769 1376 jam
783 1310 909 1378 Procyon
922 1309 987 1363 furit

487 1393 524 1445 Et
538 1391 618 1444 stella
630 1391 727 1443 vesani
742 1391 852 1458 Leonis,

522 1473 587 1528 Sole
599 1472 659 1526 dies
672 1472 807 1526 referente
821 1473 919 1527 siccos.

451 1633 514 1699 Jam
526 1639 622 1699 pastor
635 1630 749 1682 umbras
762 1645 827 1682 cum
839 1645 923 1698 grege
935 1629 1068 1698 languido

451 1713 608 1782 Rivumque
621 1710 710 1764 fessus
724 1711 831 1781 quaerit
845 1721 872 1765 et
884 1711 989 1764 horridi

487 1796 612 1847 Dumeta
625 1792 731 1846 Silvani
744 1811 751 1857 3
771 1802 901 1862 caretque

522 1876 597 1944 Ripa
608 1875 687 1944 vagis
700 1875 840 1930 taciturna
852 1876 950 1929 ventis.

451 2035 504 2100 Tu,
517 2032 660 2087 civitatem
672 2032 734 2102 quis
747 2032 846 2086 deceat
860 2041 958 2100 status,

452 2117 549 2182 Curas,
562 2124 589 2168 et
604 2115 676 2168 Urbi
689 2115 824 2168 sollicitus
839 2115 929 2181 times,

487 2197 563 2267 Quid
577 2198 658 2252 Seres
671 2207 699 2251 et
711 2207 828 2267 regnata
843 2199 914 2266 Cyro

522 2281 624 2334 Bactra
636 2290 734 2349 parent
747 2280 906 2350 Tanaisque
920 2281 1035 2335 discors.

452 2437 576 2491 Prudens
589 2436 673 2491 futuri
685 2438 818 2507 temporis
832 2439 936 2492 exitum

452 2520 613 2588 Caliginosa
623 2530 707 2574 nocte
720 2521 821 2589 premit
834 2521 911 2588 deus,

487 2602 634 2672 Ridetque‚
647 2603 671 2655 si
684 2602 810 2656 mortalis
823 2603 895 2658 ultra

521 2685 577 2737 Fas
590 2684 718 2753 trepidat.
758 2684 842 2754 Quod
854 2686 934 2739 adest
946 2697 1086 2741 memento

453 2845 627 2910 Componere
640 2857 761 2910 aequus:
783 2850 875 2894 cetera
887 2841 1009 2895 fluminis

452 2923 519 2978 Ritu
531 2922 663 2990 feruntur,
676 2940 750 2976 nunc
763 2923 857 2976 medio
870 2940 989 2994 aequore

487 3006 558 3058 Cum
570 3021 641 3074 pace
653 3004 809 3059 delabentis
823 3007 973 3059 Etruscum

523 3089 556 3139 In
569 3103 654 3154 mare,
667 3104 741 3141 nunc
753 3088 861 3156 lapides
875 3089 974 3141 adesos

452 3231 613 3301 Stirpesque
625 3243 729 3302 raptas,
742 3244 769 3288 et
782 3251 876 3303 pecus,
889 3244 917 3288 et
930 3235 1037 3301 domos,

450 3315 594 3367 Volventis
607 3332 672 3382 una,
685 3333 741 3369 non
755 3317 814 3369 sine
827 3317 964 3370 montium

488 3396 615 3450 Clamore
628 3398 791 3468 vicinaeque
804 3399 898 3464 silvae,

522 3479 594 3532 Cum
606 3479 664 3533 fera
676 3481 793 3535 diluvies
807 3482 914 3551 quietos
