2804 4176
425 474 518 516 LIBER
541 475 573 516 11.
618 473 730 516 SATIRA
753 472 797 515 111.
977 475 1034 512 211

188 603 294 666 Fertur,
310 612 338 657 et
349 603 403 657 hoc
415 603 539 657 moriens
551 601 643 673 pueris
656 602 760 656 dixisse
772 601 879 656 vocatis

186 686 231 741 Ad
244 687 364 740 lectum:
386 688 539 757 Postquam
551 694 579 739 te
592 686 672 752 talos,
685 686 765 753 Aule,
778 701 919 755 nucesque

188 771 272 824 Ferre
285 770 347 824 sinu
359 771 432 836 laxo,
445 769 550 822 donare
562 778 590 822 et
602 768 697 822 ludere
709 768 766 821 vidi
777 788 785 833 ;

187 854 238 920 Te,
251 853 354 920 Tiberi,
368 869 522 920 numerare,
535 853 611 907 cavis
625 852 797 907 abscondere
810 851 933 906 tristem:

189 936 313 990 Extimui
326 953 362 989 ne
374 953 424 989 vos
437 945 532 1005 ageret
543 935 659 991 vesania
668 935 775 989 discors
786 954 794 1001 ;

188 1019 232 1072 Tu
247 1019 467 1085 Nomentanum,
479 1029 510 1072 tu
522 1034 558 1073 ne
571 1035 716 1089 sequerere
730 1018 866 1072 Cicutam.

190 1102 283 1170 Quare
295 1118 345 1171 per
358 1102 448 1155 Divos
461 1111 555 1156 oratus
567 1111 682 1172 uterque
696 1102 824 1168 Penates,

188 1185 233 1238 Tu
246 1200 314 1238 cave
326 1201 361 1238 ne
374 1185 484 1239 minuas
496 1204 503 1250 ;
521 1194 560 1252 tu,
573 1201 609 1239 ne
621 1185 712 1255 majus
725 1185 813 1239 facias
826 1184 855 1238 id

190 1267 273 1336 Quod
286 1267 354 1321 satis
367 1284 428 1322 esse
440 1276 521 1337 putat
533 1278 620 1338 pater,
633 1277 661 1322 et
673 1277 773 1321 natura
785 1272 902 1322 coercet.

190 1351 337 1405 Praeterea
347 1367 383 1404 ne
394 1368 445 1405 vos
458 1351 550 1405 titillet
562 1351 659 1421 gloria,
668 1351 731 1420 jure

187 1432 311 1500 Jurando
325 1433 498 1503 obstringam
511 1434 595 1487 ambo
608 1452 613 1488 :
634 1443 695 1487 uter
708 1433 805 1486 aedilis
818 1432 934 1487 fueritve

188 1518 321 1570 Vestrum
334 1526 453 1585 praetor,
467 1516 490 1569 is
503 1516 671 1570 intestabilis
685 1526 712 1570 et
725 1533 804 1569 sacer
816 1525 884 1569 esto.

191 1599 224 1651 In
237 1597 326 1653 cicere
339 1608 422 1669 atque
435 1598 501 1652 laba
512 1599 589 1652 bona
601 1607 631 1653 tu
644 1598 800 1669 perdasque
812 1599 923 1668 lupinis,

190 1681 276 1734 Latus
289 1690 320 1734 ut
333 1681 361 1734 in
376 1680 457 1735 Circo
471 1681 590 1750 spatiere
603 1690 630 1734 et
643 1685 746 1735 aeneus
759 1689 790 1734 ut
802 1690 869 1748 stes,

191 1763 292 1817 Nudus
305 1764 388 1833 agris,
400 1765 493 1818 nudus
504 1764 637 1831 nummis,
651 1765 758 1832 insane,
771 1763 916 1834 paternis?

189 1846 302 1901 Scilicet
315 1856 345 1900 ut
358 1848 481 1916 plausus,
495 1865 564 1918 quos
577 1846 629 1901 lert
640 1848 776 1917 Agrippa,
789 1847 862 1901 feras
875 1857 913 1914 tu,

189 1930 292 1984 Astuta
304 1929 458 2004 ingenuum
470 1931 566 2000 volpes
579 1931 690 1984 imitata
702 1931 832 1984 leonem?

191 2014 236 2066 Ne
249 2013 310 2084 quis
323 2013 457 2067 humasse
470 2014 537 2067 velit
548 2013 675 2082 Ajacem,
687 2014 796 2081 Atrida,
809 2022 887 2068 vetas
899 2014 969 2068 cur?

190 2097 250 2150 Rex
263 2112 333 2149 sum.
372 2096 422 2149 Nil
434 2096 508 2149 ultra
520 2113 624 2166 quaero
636 2097 768 2165 plebeius.
808 2098 846 2149 Et
858 2113 978 2166 aequam

191 2180 263 2232 Rem
276 2178 405 2247 imperito
418 2197 425 2242 ;
444 2195 477 2232 ac
491 2178 514 2231 si
527 2178 571 2231 cui
584 2178 681 2232 videor
691 2196 749 2232 non
758 2179 860 2248 justus,
873 2179 961 2232 inulto

191 2261 300 2328 Dicere,
313 2261 389 2331 quod
401 2261 494 2327 sentit,
508 2261 648 2329 permitto.
686 2261 812 2314 Maxime
824 2277 930 2329 regum,

191 2344 229 2396 Di
242 2343 293 2397 tibi
306 2343 374 2396 dent
387 2352 471 2412 capta
482 2343 604 2396 classem
616 2343 754 2396 deducere
766 2343 852 2411 Troja
864 2346 870 2396 i

191 2428 267 2495 Ergo
280 2427 423 2479 consulere
436 2434 464 2478 et
476 2442 542 2478 mox
554 2426 723 2494 respondere
735 2425 850 2480 licebit?

192 2510 319 2564 Consule.
358 2510 414 2563 Cur
424 2508 497 2577 Ajax
510 2508 594 2561 heros
607 2509 643 2561 ab
655 2508 765 2562 Achille
778 2507 918 2561 secundus

192 2592 323 2659 Putescit,
337 2591 420 2645 toties
433 2591 549 2645 servatis
562 2591 653 2645 clarus
665 2591 791 2658 Achivis,

192 2674 320 2730 Gaudeat
333 2684 364 2728 ut
376 2675 495 2744 populus
508 2674 613 2727 Priami
627 2674 810 2745 Priamusque
823 2673 977 2739 inhumat0,

191 2759 244 2812 Per
257 2774 340 2828 quem
352 2767 394 2812 tot
404 2758 521 2826 juvenes
534 2758 625 2827 patrio
638 2774 751 2822 caruere
765 2758 912 2827 sepulcro?

192 2842 270 2896 Mille
283 2842 377 2895 ovium
389 2841 504 2894 insanus
516 2841 599 2894 morti
614 2841 700 2908 dedit,
714 2841 841 2895 inclitum
855 2840 957 2894 Ulixen

191 2927 228 2979 Et
242 2925 403 2979 Menelaum
415 2941 472 2977 una
483 2940 595 2977 mecum
607 2941 637 2978 se
649 2924 777 2977 occidere
790 2924 924 2977 clamans.

189 3009 234 3061 Tu
247 3024 311 3062 cum
323 3024 374 3076 pro
387 3007 474 3060 vitula
486 3006 585 3060 statuis
598 3007 710 3061 dulcem
721 3006 822 3061 Aulide
834 3016 931 3060 natam

191 3091 265 3145 Ante
277 3107 349 3157 aras,
363 3089 526 3159 spargisque
538 3091 615 3143 mola
628 3099 721 3159 caput,
735 3089 870 3158 improbe,
884 3090 966 3155 salsa,

192 3175 312 3227 Rectum
322 3172 410 3226 animi
419 3173 529 3226 servas?
551 3173 708 3242 Quorsum?
729 3174 850 3228 Insanus
860 3172 928 3243 quid
938 3172 1012 3226 enim
1022 3172 1094 3240 Ajax

194 3257 272 3310 Fecit
285 3273 349 3311 curn
363 3255 460 3310 stravit
472 3255 544 3309 ferro
557 3256 662 3326 pecus?
681 3255 817 3310 abstinuit
829 3255 888 3308 vim

194 3340 289 3395 Uxore
301 3349 329 3394 et
341 3349 427 3409 gnato
439 3358 446 3405 ;
464 3341 540 3393 mala
551 3340 640 3393 multa
651 3347 781 3408 precatus
794 3338 909 3407 Atridis,

194 3424 260 3475 Non
273 3423 318 3477 ille
331 3431 380 3477 aut
392 3424 541 3490 Teucrum,
554 3431 603 3476 aut
615 3422 708 3492 ipsum
720 3422 835 3476 violavit
849 3421 960 3477 Ulixen.

193 3505 298 3560 Verum
310 3523 371 3575 ego,
384 3515 414 3560 ut
426 3505 574 3561 haerentes
586 3505 705 3560 adverso
718 3506 798 3561 litore
812 3522 897 3560 naves
1008 3538 1045 3574 205
