2792 4168
337 458 394 514 130

591 453 723 498 HORATII
749 454 922 499 CARMINUM

473 588 539 641 Non
552 586 683 641 incendia
695 587 877 658 Karthaginis
890 588 1001 660 impiae,

532 688 550 726 a
672 688 690 726 a
812 689 831 727 a
952 691 971 729 *

532 767 550 806 r
672 766 691 804 *
813 772 831 810 a
953 770 972 808 *

472 838 540 908 Ejus
553 836 601 908 qui
614 837 722 892 domita
733 854 837 893 nomen
849 839 886 892 ab
898 839 994 894 Africa

471 965 606 1017 Lucratus
618 962 709 1030 rediit,
722 963 824 1016 clarius
836 962 963 1019 indicant

470 1045 588 1112 Laudes,
602 1062 687 1116 quarn
702 1046 838 1099 Calabrae
851 1046 994 1102 Pierides:
1014 1064 1112 1118 neque,

470 1129 500 1184 Si
514 1129 628 1182 chartae
640 1128 741 1182 sileant
754 1129 829 1199 quod
842 1129 915 1183 bene
927 1129 1034 1197 feceris

469 1212 631 1266 Mercedem
643 1211 747 1266 tuleris.
787 1212 863 1281 Quid
875 1212 945 1267 soret
959 1213 1028 1267 lliae

469 1333 661 1403 Mavortisque
673 1348 749 1401 puer,
763 1331 787 1384 si
799 1332 976 1387 taciturnitas

468 1416 600 1471 Obstaret
613 1413 720 1468 meritis
733 1413 829 1467 invida
842 1415 973 1469 Romuli?

468 1499 604 1567 Ereptum
617 1497 721 1565 Stygiis
734 1497 865 1550 fluctibus
877 1498 1003 1551 Aeacum

466 1581 560 1634 Virtus
574 1589 600 1633 et
613 1579 691 1633 lavor
703 1588 730 1632 et
743 1579 839 1648 lingua
850 1579 1007 1648 potentium

466 1702 571 1754 Vatum
583 1700 716 1754 divitibus
729 1709 875 1754 consecrat
887 1699 992 1754 insulis.

469 1784 595 1852 Dignum
607 1783 690 1838 laude
702 1783 793 1837 virum
807 1785 891 1837 Musa
903 1792 980 1837 vetat
991 1785 1063 1838 mori
1074 1805 1081 1849 ;

467 1868 552 1921 Caelo
566 1868 651 1920 Musa
662 1867 735 1920 beat.
773 1866 820 1919 Sic
832 1867 908 1934 Jovis
922 1867 1037 1921 interest

467 1950 578 2018 Optatis
592 1948 681 2018 epulis
693 1946 811 2017 impiger
825 1950 980 2006 Hercules:

466 2075 579 2128 Clarum
592 2072 770 2141 Tyndaridae
783 2072 859 2127 sidus
873 2074 909 2127 ab
922 2071 1026 2128 infimis

467 2159 592 2226 Quassas
605 2155 725 2224 eripiunt
737 2155 904 2226 aequoribus
917 2165 1009 2211 rates:

467 2243 590 2293 Ornatus
602 2238 684 2292 viridi
697 2248 824 2309 tempora
835 2241 970 2310 pampino

467 2323 551 2378 Liber
563 2331 628 2378 vota
640 2323 730 2376 bonos
743 2321 820 2378 ducit
833 2323 871 2376 ad
883 2322 978 2378 exitus.

615 2621 801 2674 CARMEN
835 2621 885 2674 IX

640 2765 684 2806 nn
704 2764 852 2807 nonarum

466 2889 515 2941 NE
528 2887 598 2940 sorte
610 2885 708 2940 credas
721 2885 874 2953 interitura,
888 2903 959 2956 quae

466 2972 562 3039 Longe
574 2978 722 3023 sonantem
734 2977 816 3022 natus
830 2967 867 3021 ad
878 2967 1019 3036 Aufidum,

500 3053 567 3105 Non
579 3059 644 3105 ante
656 3051 784 3119 volgatas
796 3066 846 3119 per
858 3060 932 3104 artes

533 3134 628 3188 Verba
639 3135 737 3204 loquor
750 3132 885 3186 socianda
896 3132 1008 3187 chordis
1019 3151 1026 3198 ;

465 3257 540 3322 Non,
553 3254 577 3308 si
589 3254 695 3323 priores
711 3253 860 3308 Maeonius
873 3262 950 3308 tenet

465 3337 551 3392 Sedes
566 3339 716 3404 Homerus,
729 3336 895 3390 Pindaricae
907 3336 1003 3401 latent,

501 3421 627 3489 Ceaeque
639 3427 668 3473 et
679 3419 776 3473 Alcaei
788 3418 921 3484 minaces,

534 3500 742 3571 Stesichorique
754 3517 852 3570 graves
867 3501 1007 3554 Camenae
1019 3519 1026 3564 ;
