2804 4176
348 501 406 553 242
583 496 715 540 nomm
739 497 957 541 anrsnoannuu

364 626 488 693 Detinet,
501 642 652 682 assumam.
691 628 781 682 Locus
794 637 837 682 est
850 637 877 682 et
889 626 1015 696 pluribus
1028 625 1135 682 umbris
1146 645 1153 690 ;

363 709 421 763 Sed
433 708 518 762 nimis
531 717 592 762 arta
603 720 734 779 premunt
747 710 839 764 olidae
852 709 982 764 convivia
994 726 1102 779 caprae

363 793 417 859 Tu,
430 801 532 861 quotus
545 807 607 846 esse
619 792 697 858 velis,
712 793 834 847 rescribe
845 812 852 858 ;
871 802 899 848 et
912 794 994 847 rebus
1007 791 1127 859 omissis,

365 873 445 929 Atria
458 884 616 930 servantem
629 876 740 945 postico
752 875 818 931 falle
830 876 968 930 clientem.

614 1102 839 1164 EPISTOLA
870 1110 923 1162 VI.

648 1255 692 1296 nn
712 1254 889 1298 nummum.

363 1377 426 1429 N1L
437 1375 571 1430 admirari
583 1393 671 1446 prope
683 1393 728 1430 res
739 1385 783 1430 est
795 1393 860 1443 una,
874 1377 997 1443 Numici,

363 1459 494 1528 Solaque,
507 1475 579 1529 quae
591 1459 681 1529 possit
693 1459 786 1513 facere
800 1467 827 1513 et
839 1476 950 1513 servare
962 1460 1084 1514 beatum.

363 1543 449 1596 Hunc
463 1542 560 1609 solem,
573 1550 601 1596 et
615 1543 719 1610 stellas,
732 1552 759 1596 et
773 1542 938 1596 decedentia
950 1543 1033 1596 certis

363 1626 506 1694 Tempora
518 1625 679 1692 momentis,
692 1634 758 1679 sunt
770 1625 818 1695 qui
830 1624 980 1679 formidine
992 1625 1069 1678 nulla

364 1708 470 1763 Imbuti
482 1716 618 1777 spectent.
657 1707 732 1777 Quid
745 1724 843 1761 censes
856 1725 974 1762 munera
985 1709 1094 1762 terrae?

364 1791 440 1861 Quid
452 1791 538 1844 maris
550 1800 690 1846 extremos
702 1791 812 1844 Arabas
826 1790 943 1845 ditantis
956 1800 984 1846 et
998 1791 1103 1846 Indos?

363 1873 484 1926 Ludicra
496 1872 572 1942 quid,
584 1874 699 1943 plausus
712 1881 740 1927 et
753 1873 838 1927 amici
851 1873 927 1927 dona
940 1873 1077 1943 Quiritis?

363 1961 427 2028 Quo
440 1959 596 2028 spectanda
608 1960 703 2027 modo,
717 1976 772 2029 quo
786 1976 869 2014 sensu
882 1960 974 2014 credis
987 1970 1014 2014 et
1026 1963 1094 2014 ore?

362 2042 418 2112 Qui
431 2042 510 2096 timet
522 2042 567 2096 his
579 2042 708 2110 adversa,
720 2043 777 2097 sere
790 2043 907 2097 miratur
920 2043 1020 2098 eodem

364 2127 428 2194 Quo
441 2125 556 2195 cupiens
569 2135 671 2195 pacto:
690 2143 778 2196 pavor
790 2135 832 2180 est
844 2127 992 2196 utrobique
1005 2127 1156 2180 molestus:

363 2209 521 2278 Improvisa
534 2209 617 2263 simul
630 2209 737 2279 species
750 2218 869 2264 exterret
881 2218 1046 2279 utrumque:

363 2291 501 2359 Gaudeat,
514 2309 551 2346 an
564 2292 657 2346 doleat
669 2311 676 2357 ;
695 2292 799 2362 cupiat,
813 2302 976 2357 metuatne;
995 2292 1064 2362 quid
1073 2292 1109 2346 ad
1122 2309 1189 2346 rem.

363 2375 402 2442 Si,
415 2373 552 2445 quidquid
564 2375 636 2430 vidit
649 2375 748 2430 melius
761 2375 876 2445 pejusve
889 2393 941 2429 sua
953 2391 1011 2444 spe,

364 2459 471 2513 Defixis
485 2458 582 2527 oculis,
595 2457 747 2529 animoque
759 2467 787 2512 et
800 2475 915 2528 corpore
928 2459 1040 2527 torpet?

365 2542 460 2596 Insani
474 2542 586 2612 sapiens
599 2559 702 2596 nomen
714 2541 793 2608 serat,
806 2557 911 2610 aequus
925 2541 1012 2611 iniqui
1024 2561 1031 2606 ;

365 2624 448 2678 Ultra
460 2642 545 2695 quam
558 2625 626 2680 satis
639 2634 683 2679 est
695 2624 827 2678 virtutem
840 2624 863 2677 si
876 2633 954 2694 petat
966 2625 1065 2693 ipsam.

365 2711 377 2762 l
391 2724 475 2776 nunc,
488 2717 636 2778 argentum
648 2717 676 2762 et
688 2725 812 2762 marmor
822 2716 912 2775 vetus,
925 2724 1045 2777 aeraque
1058 2717 1085 2761 et
1097 2717 1171 2761 artes

365 2791 481 2860 Suspice
493 2811 500 2856 ;
518 2807 583 2844 cum
595 2791 714 2860 gemmis
726 2791 827 2860 Tyrios
839 2791 940 2844 mirare
953 2791 1077 2845 colores:

365 2874 465 2929 Gaude
477 2873 553 2943 quod
566 2883 694 2943 spectant
706 2874 779 2928 oculi
793 2883 820 2927 te
833 2874 909 2928 mille
921 2876 1099 2944 loquentem:

365 2958 463 3010 Navus
476 2973 560 3010 mane
572 2956 671 3024 forum,
685 2966 712 3011 et
723 2958 899 3026 ¹vespertinus
911 2967 975 3028 pete
988 2966 1093 3012 tectum
1105 2976 1111 3021 ;

365 3042 410 3094 Ne
422 3040 484 3108 plus
497 3038 627 3093 frumenti
641 3039 781 3094 dotalibus
795 3049 899 3094 emetat
911 3041 986 3110 agris

364 3125 461 3176 Mutus
474 3141 481 3187 ;
499 3130 527 3175 et
540 3122 706 3191 (indignum,
719 3123 795 3192 quod
807 3123 844 3176 sit
856 3123 999 3193 pejoribus
1012 3123 1099 3190 ortus)

365 3205 421 3258 Hic
435 3205 486 3259 tibi
499 3205 535 3258 sit
547 3206 649 3274 potius,
662 3222 747 3274 quam
760 3215 790 3259 tu
802 3206 938 3260 mirabilis
951 3206 1000 3260 illi.

364 3287 509 3357 Quidquid
521 3289 574 3342 sub
587 3297 661 3342 terra
673 3297 723 3356 est,
736 3288 765 3341 in
779 3288 905 3358 apricum
917 3288 1037 3359 proferet
1050 3298 1135 3354 aetas,

365 3369 497 3424 Defodiet
510 3370 666 3441 condetque
678 3371 805 3425 nitentia.
842 3373 915 3426 Cum
927 3372 999 3426 bene
1010 3381 1108 3427 notum

363 3451 490 3506 Porticus
503 3452 653 3522 Agrippae,
667 3462 694 3506 et
706 3453 752 3506 via
765 3464 793 3508 te
805 3455 980 3524 conspexerit
992 3454 1076 3524 Appi,

365 3536 409 3588 Ire
422 3544 517 3588 tamen
529 3543 616 3588 restat
630 3537 725 3590 Numa
738 3553 793 3606 quo
806 3537 918 3592 devenit
931 3547 958 3592 et
970 3538 1074 3591 Ancus.
