2748 4138
351 436 408 492 ²9²
707 432 838 475 nonnrn

385 561 481 616 Laude
492 579 499 625 ;
518 560 568 614 sed
581 560 610 614 in
622 560 722 615 vitium
733 561 848 615 libertas
861 560 971 629 excidit,
984 569 1012 615 et
1023 559 1082 614 vim

385 644 509 712 Dignam
521 644 582 713 lege
593 644 651 713 regi
663 663 669 698 :
689 645 733 698 lex
745 653 788 698 est
800 653 924 714 accepta,
938 645 1093 715 chorusque

383 727 514 796 Turpiter
525 726 651 794 obticuit,
664 727 775 781 sublato
784 727 846 796 jure
858 727 986 781 nocendi.

385 809 434 862 Nil
447 810 614 863 intentatum
626 809 713 863 nostri
726 809 831 878 liquere
843 815 960 879 poetae:

385 893 446 947 Nec
459 892 607 947 minimum
619 909 742 946 meruere
755 892 849 959 decus,
862 893 980 961 vestigia
994 893 1102 946 Graeca

381 975 451 1029 Ausi
464 974 598 1042 deserere,
611 984 640 1028 et
652 975 792 1028 celebrare
805 975 962 1029 domestica
973 974 1066 1040 facta;

381 1058 434 1111 Vel
446 1058 494 1128 qui
506 1066 671 1127 praetextas,
684 1058 729 1111 vel
742 1058 789 1127 qui
802 1058 921 1112 docuere
934 1068 1051 1128 togatas.

383 1140 444 1194 Nec
456 1140 557 1194 virtute
569 1139 640 1194 foret
653 1140 769 1194 clarisve
781 1141 921 1209 potentius
934 1140 1028 1208 armis,

383 1224 475 1292 Quam
487 1223 591 1293 lingua,
606 1223 726 1290 Latium,
740 1223 763 1276 si
777 1240 833 1276 non
847 1223 1000 1278 offenderet
1012 1241 1110 1278 unum·

382 1307 528 1377 Quemque
540 1311 687 1377 poetarum
699 1306 783 1360 limae
795 1306 875 1361 labor
887 1316 914 1360 et
926 1324 1013 1360 mora
1051 1308 1120 1374 Vos,
1133 1324 1150 1360 o

381 1389 534 1459 Pompilius
548 1389 671 1458 sanguis,
684 1405 798 1443 carmen
810 1389 1013 1458 reprehendite,
1027 1389 1102 1459 quod
1114 1406 1176 1443 non

382 1473 473 1527 Multa
485 1473 545 1527 dies
559 1482 586 1526 et
599 1473 687 1526 multa
699 1472 782 1526 litura
794 1472 924 1538 co'e'rcuit,
937 1482 1022 1542 atque

381 1556 537 1610 Perfectum
550 1556 643 1610 decies
656 1573 713 1608 non
726 1554 873 1624 castigavit
886 1555 923 1608 ad
936 1572 1064 1624 unguem.

382 1639 529 1708 Ingenium
541 1640 644 1693 misera
656 1639 722 1708 quia
734 1638 900 1692 fortunatius
914 1648 973 1692 arte

381 1722 484 1788 Credit,
497 1731 525 1775 et
537 1722 658 1776 excludit
671 1738 755 1774 sanos
770 1721 907 1774 Helicone
920 1727 1018 1791 poetas

382 1804 568 1871 Democritus,
580 1805 656 1857 bona
668 1820 733 1872 pars
746 1821 803 1858 non
815 1822 921 1873 ungues
933 1821 1037 1874 ponere
1050 1814 1137 1871 curat,

381 1888 408 1938 N
411 1902 448 1940 on
460 1887 579 1939 barbam
590 1905 597 1951 ;
616 1895 723 1939 secreta
735 1886 804 1955 petit
817 1888 887 1955 loca,
899 1887 1002 1940 balnea
1014 1886 1090 1941 vitat.

382 1969 568 2022 Nanciscetur
580 1968 655 2022 enim
667 1969 787 2038 pretium
799 1986 956 2040 nomenque
968 1975 1076 2039 po‘e'tae,

381 2051 410 2104 Si
424 2051 511 2105 tribus
524 2051 666 2120 Anticyris
678 2061 762 2121 caput
774 2051 930 2106 insanabile
942 2070 1086 2123 nunquam

380 2133 500 2186 Tonsori
514 2134 610 2188 Licino
623 2134 801 2188 commiserit.
840 2137 865 2189 Ο
878 2152 931 2204 ego
944 2137 1048 2202 laevuS,

381 2215 436 2284 Qui
449 2233 552 2286 purgor
564 2217 650 2272 bilem
663 2217 716 2271 sub
728 2218 806 2270 verni
819 2218 952 2287 temporis
965 2219 1081 2272 horam!

381 2301 448 2353 Non
461 2300 531 2354 alius
544 2301 647 2354 faceret
660 2301 776 2354 meliora
788 2307 936 2370 poemata:
956 2319 1053 2355 verum

382 2382 431 2436 Nil
444 2384 516 2437 tanti
529 2394 570 2438 est
582 2402 589 2448 ;
608 2399 673 2452 ergo
686 2383 786 2451 fungar
798 2384 859 2437 vice
872 2384 950 2451 cotis,
964 2394 1077 2439 acutum

382 2466 509 2520 Reddere
522 2483 594 2536 quae
606 2466 709 2520 ferrum
721 2467 803 2533 valet,
817 2483 911 2520 exsors
925 2468 987 2537 ipsa
1000 2469 1130 2522 secandi:

382 2548 486 2601 Munus
499 2557 528 2601 et
539 2547 670 2614 officium,
682 2547 722 2600 nil
735 2548 859 2602 scribens
872 2549 940 2617 ipse,
954 2549 1061 2604 docebo
1072 2569 1079 2614 ;

382 2630 467 2686 Unde
479 2640 611 2699 parentur
623 2647 691 2700 opes
702 2650 710 2694 ;
729 2630 797 2700 quid
810 2632 867 2699 alat
879 2631 1034 2702 formetque
1047 2638 1161 2701 poetam
1172 2654 1180 2699 ;

382 2713 457 2783 Quid
469 2712 576 2781 deceat,
608 2713 657 2768 uid
669 2730 744 2778 non;
764 2730 819 2782 quo
831 2714 928 2781 virtus,
942 2732 997 2784 quo
1010 2714 1080 2768 ferat
1092 2733 1175 2770 error.

382 2796 529 2851 Scribendi
541 2805 625 2864 recte,
639 2811 736 2864 sapere
749 2806 791 2849 est
804 2806 831 2850 et
843 2797 1011 2866 principium
1024 2807 1051 2851 et
1063 2798 1143 2852 fons:

382 2882 454 2933 Rem
466 2878 517 2931 tibi
532 2877 691 2932 Socraticae
703 2887 833 2948 poterunt
846 2880 992 2933 ostendere
1005 2880 1118 2933 chartae
1129 2900 1135 2933 z

380 2962 529 3030 Verbaque
541 2960 683 3030 provisam
695 2978 754 3014 rem
766 2978 823 3015 non
836 2961 924 3015 invita
936 2972 1092 3032 sequentur.

383 3046 437 3116 Qui
450 3044 548 3098 didicit
560 3043 667 3113 patriae
680 3043 748 3113 quid
760 3043 870 3113 debeat,
883 3055 911 3098 et
924 3045 992 3115 quid
1004 3045 1111 3113 amiciS,

381 3131 444 3198 Quo
457 3127 493 3181 sit
506 3143 601 3180 amore
613 3142 722 3195 parens,
736 3144 791 3196 quo
804 3126 889 3181 frater
900 3128 1038 3182 amandus
1051 3138 1079 3182 et
1091 3128 1206 3198 hospes,

382 3211 465 3281 Quod
478 3210 514 3263 sit
527 3209 685 3278 conscripti,
699 3209 775 3278 quod
785 3210 888 3279 judicis
902 3211 1033 3279 officium,
1046 3227 1117 3281 quae

383 3297 479 3348 Partes
492 3293 521 3345 in
533 3292 638 3346 bellum
651 3291 730 3344 missi
743 3291 822 3346 ducis
835 3312 841 3358 ;
860 3293 906 3346 ille
919 3294 1043 3363 profecto

382 3375 510 3430 Reddere
522 3390 659 3444 personae
672 3373 725 3428 scit
737 3375 932 3430 convenientia
944 3377 1050 3446 cuique.

383 3458 532 3526 Respicere
545 3457 686 3526 exemplar
698 3457 772 3512 vitae
784 3475 948 3530 morumque
957 3459 1062 3529 jubebo
1161 3495 1200 3532 ³17
