2748 4138
337 426 396 486 254
568 423 700 466 HORATII
724 423 942 467 EPISTOLARUM

330 554 503 625 Jampridem
515 571 572 608 non
585 563 661 608 tacta
673 553 813 622 ligonibus
825 569 901 621 arva,
914 554 1071 624 bovemque

331 637 512 706 Disjunctum
524 654 614 704 curaS,
627 646 655 691 et
668 637 771 690 strictis
785 636 930 691 frondibus
943 637 1055 706 exples:

242 719 244 724 ⁴
330 721 419 775 Addit
431 738 502 790 opus
514 720 595 791 pigro
607 720 691 787 rivus,
704 720 728 773 si
741 719 846 774 decidit
858 719 956 787 imber,

274 767 426 884 CMulta
438 805 512 858 mole
524 804 669 858 docendus
682 803 777 872 aprico
789 819 902 873 parcere
914 812 1002 873 prato.

332 888 424 953 Nunc,
438 902 498 956 age,
512 886 580 957 quid
591 895 720 940 nostrum
732 895 901 939 concentum
913 885 1030 953 dividat,
1043 885 1118 939 audi.

332 973 423 1039 Quem
435 979 533 1024 tenues
546 969 664 1024 decuere
677 978 761 1038 togae
773 968 911 1039 nitidique
924 969 1026 1038 capilli,

332 1055 424 1122 Quem
436 1053 491 1107 scis
505 1053 659 1106 immunem
674 1052 792 1106 Cinarae
804 1051 945 1121 placuisse
957 1051 1062 1120 rapaci,

273 1163 287 1186 ,ι
332 1138 424 1205 Quem
435 1135 564 1190 bibulum
576 1135 675 1206 liquidi
688 1134 782 1188 media
794 1133 830 1188 de
842 1134 905 1188 luce
918 1134 1039 1201 Falerni,

334 1222 431 1274 Coena
442 1219 534 1273 brevis
544 1219 633 1288 juvat,
646 1228 673 1272 et
686 1235 773 1288 prope
785 1217 876 1271 rivum
889 1235 1005 1272 somnus
1019 1218 1047 1270 in
1060 1218 1148 1271 herba
1160 1237 1166 1282 ;

333 1305 394 1357 Nec
407 1302 507 1356 lusisse
519 1301 614 1371 pudet,
627 1301 747 1355 sednon
760 1301 883 1354 incidere
895 1301 999 1355 ludum.

333 1388 400 1439 Non
414 1385 477 1439 istic
490 1385 603 1455 obliquo
616 1385 697 1438 oculo
710 1401 775 1438 mea
787 1383 937 1438 commoda
950 1384 1098 1454 quisquam

334 1469 444 1534 Limat;
463 1485 520 1523 non
533 1468 599 1522 odio
611 1469 731 1522 obscuro
743 1484 892 1537 morsuque
905 1475 1042 1521 venenat:

333 1552 438 1606 Rident
449 1551 535 1605 vicini
547 1552 645 1620 glebas
658 1560 685 1604 et
698 1567 766 1603 saxa
778 1559 946 1604 moventem.

333 1638 411 1689 Dum
424 1635 511 1689 servis
523 1634 633 1688 urbana
645 1633 735 1687 diaria
746 1633 844 1688 rodere
856 1633 946 1687 mavis
959 1653 965 1698 ;

334 1722 445 1773 Horum
457 1728 488 1773 tu
501 1719 530 1773 in
543 1735 690 1772 numerum
702 1727 769 1773 voto
781 1719 838 1772 ruis
850 1737 856 1773 :
876 1718 983 1772 invidet
995 1736 1077 1773 usum

333 1802 486 1870 Lignorum
499 1811 526 1855 et
539 1801 647 1871 pecoris
660 1801 711 1855 tibi
724 1801 786 1856 calo
799 1811 913 1870 argutus
926 1811 954 1856 et
966 1802 1049 1856 horti.

334 1888 422 1955 Optat
436 1884 569 1954 ephippia
580 1885 632 1938 bos
645 1884 732 1953 piger,
745 1893 824 1954 optat
836 1901 916 1938 arare
928 1885 1060 1938 caballus.

333 1969 426 2036 Quam
440 1967 493 2020 scit
507 1976 631 2038 uterque,
643 1967 743 2034 libens,
756 1968 885 2034 censebo,
899 1977 1025 2022 exerceat
1037 1977 1132 2020 artem.
1144 1990 1169 2026 44

595 2251 819 2306 EPISTOLA
848 2253 912 2305 XV.

492 2425 495 2430 ·
567 2409 611 2450 no
631 2409 811 2452 nonomen
830 2409 944 2450 vunnu.

333 2545 424 2613 QUAE
436 2542 472 2596 sit
484 2543 575 2597 hiems
588 2543 694 2610 Veliae,
707 2543 783 2614 quod
796 2543 913 2610 caelum,
925 2543 1005 2608 Vala,
1020 2542 1136 2609 Salerni,

334 2627 460 2695 Quorum
472 2626 619 2681 hominum
630 2627 716 2695 regio,
729 2636 757 2681 et
770 2626 860 2696 qualis
872 2627 919 2679 via
932 2626 1009 2695 (nam
1021 2626 1089 2679 mihi
1103 2625 1188 2678 Baias

334 2711 419 2764 Musa
432 2726 621 2779 supervacuas
631 2710 779 2776 Antonius,
793 2720 820 2764 et
832 2719 927 2764 tamen
940 2710 994 2763 illis

333 2794 382 2846 Me
395 2793 462 2847 facit
474 2793 603 2860 invisum,
616 2792 709 2862 gelida
721 2809 785 2847 cum
797 2793 908 2862 perluor
920 2792 997 2846 unda

333 2877 387 2929 Per
399 2875 525 2930 medium
538 2875 634 2944 frigus.
673 2877 747 2929 Sane
760 2884 881 2930 murteta
892 2875 1018 2946 relinqui,

333 2957 473 3029 Dictaque
486 2968 644 3013 cessantem
656 2958 749 3012 nervis
762 2958 865 3012 elidere
877 2958 1007 3012 morbum

332 3041 443 3096 Sulfura
456 3042 606 3110 contemni,
619 3041 698 3095 vicus
711 3042 806 3110 gemit¹
820 3041 931 3096 invidus
944 3042 1043 3111 aegris,

332 3124 387 3192 Qui
399 3133 484 3193 caput
498 3135 526 3179 et
538 3125 716 3179 stomachum
728 3141 884 3194 supponere
897 3124 1020 3178 fontibus
1033 3123 1137 3178 audent

331 3206 463 3275 Clusinis,
477 3208 640 3278 Gabiosque
652 3217 751 3278 petunt
763 3217 791 3262 et
804 3208 906 3278 frigida
918 3225 990 3262 rura.

330 3290 485 3344 Mutandus
500 3291 578 3344 locus
591 3299 642 3358 est,
655 3300 683 3345 et
696 3291 855 3345 deversoria
867 3300 935 3345 nota

330 3373 569 3441 Praeteragendus
582 3388 687 3443 equus:
709 3375 772 3443 Quo
785 3374 897 3428 tendis?
918 3376 985 3428 Non
998 3373 1067 3426 mihi
1081 3374 1187 3427 Cumas

330 3455 383 3508 Est
395 3453 447 3508 iter
459 3464 507 3509 aut
520 3455 615 3523 Baias,
627 3457 708 3510 laeva
721 3457 916 3512 stomachosus
928 3457 1041 3511 habena
1144 3491 1168 3516 κ
