2804 4176
342 401 403 461 250
574 399 705 442 HORATII
729 398 948 442 EPISTOLARUM

336 531 417 583 Haec
430 527 481 583 tibi
494 527 638 582 dictabam
649 538 713 598 post
726 528 822 582 sanum
834 491 919 598 putre.
927 529 1069 595 Vacunae,

335 614 460 682 Excepto
473 611 548 682 quod
560 629 617 666 non
630 612 712 668 simul
725 628 809 679 esses,
823 621 915 666 cetera
927 611 1024 666 laetus.
1170 643 1195 678 50

610 807 836 862 EPISTOLA
865 807 920 860 XI.

636 931 680 972 no
700 930 891 974 eustanum.

336 1042 421 1110 Qum
434 1041 485 1094 tibi
496 1041 558 1094 visa
571 1040 665 1108 Chios,
679 1040 791 1108 Bullati‚
803 1049 926 1110 notaque
940 1037 1066 1094 Lesbos?

335 1123 410 1193 Quid
423 1124 561 1178 concinna
574 1124 695 1178 Samos?
714 1124 782 1194 quid
797 1123 892 1178 Croesi
904 1123 982 1191 regia
995 1121 1112 1176 Sardis?

336 1207 456 1276 Smyrna
468 1207 543 1278 quid,
555 1216 583 1261 et
598 1207 764 1277 Colophon?
783 1206 891 1276 majora
902 1206 1048 1259 minorane
1060 1204 1156 1258 fama?

336 1290 480 1344 Cunctane
493 1307 560 1361 prae
574 1292 681 1360 Campo
694 1300 722 1343 et
734 1289 867 1344 Tiberino
881 1289 995 1344 flumine
1009 1287 1142 1343 sordent?

334 1374 380 1427 An
392 1373 469 1427 venit
482 1373 511 1426 in
523 1382 619 1427 votum
632 1373 760 1427 Attalicis
774 1389 808 1426 ex
820 1372 936 1427 urbibus
949 1373 1026 1426 una?

334 1458 380 1509 An
395 1457 538 1511 Lebedum
550 1457 656 1524 laudas,
670 1457 735 1510 odio
747 1456 833 1510 maris
846 1464 930 1527 atque
942 1455 1073 1509 viarum?

337 1539 408 1606 Scia,
422 1540 550 1594 Lebedus
563 1540 630 1610 quid
643 1539 678 1592 sit
690 1559 697 1604 ;
719 1539 817 1594 Gabiis
830 1539 966 1593 desertior
978 1548 1062 1609 atque

337 1622 451 1676 Fidenis
463 1622 541 1676 vicus
555 1641 561 1687 ;
581 1630 675 1675 tamen
688 1621 744 1675 illic
757 1622 850 1675 vivere
862 1623 970 1690 vellem,

245 1716 248 1724 ’
338 1704 504 1775 Oblitusque
515 1720 650 1772 meorum,
663 1704 870 1758 obliviscendus
884 1714 911 1759 et
924 1705 986 1772 illis,

338 1790 503 1856 Neptunum
515 1789 611 1857 procul
623 1805 639 1841 e
652 1797 725 1842 terra
737 1798 863 1860 spectare
876 1788 1021 1842 furentem.

338 1871 395 1924 Sed
407 1887 497 1940 neque
509 1870 556 1941 qui
571 1872 668 1940 Capua
681 1873 802 1924 Romam
814 1871 892 1940 petit,
906 1871 994 1925 imbre
1008 1870 1121 1940 lutoque

337 1953 504 2022 AdspersuS,
516 1954 591 2006 volet
605 1953 632 2006 in
646 1970 774 2022 caupona
785 1954 896 2019 vivere;
915 1971 967 2008 nec
981 1953 1028 2023 qui

339 2035 439 2105 Frigus
453 2037 572 2104 collegit,
585 2036 680 2090 furnos
693 2045 721 2090 et
733 2037 835 2091 balnea
846 2037 951 2104 laudat,

339 2121 380 2174 Ut
393 2119 563 2173 fortunatam
575 2121 657 2189 plene
669 2121 841 2191 praestantia
851 2120 940 2174 vitam
951 2139 958 2185 ;

340 2205 410 2271 Nec,
423 2203 447 2256 si
460 2212 488 2257 te
500 2204 608 2258 validus
618 2204 766 2273 jactaverit
778 2206 880 2258 Auster
892 2204 922 2257 in
936 2205 1001 2271 alto,

340 2287 449 2340 Idcirco
462 2303 563 2340 navem
576 2296 653 2341 trans
665 2289 809 2357 Aegaeum
821 2304 898 2341 mare
908 2288 1022 2341 vendas.

340 2370 478 2424 Incolumi
492 2371 608 2424 Rhodos
621 2379 649 2425 et
663 2371 798 2439 Mytilene
811 2371 928 2439 pulchra
939 2370 1014 2438 facit,
1027 2370 1103 2440 quod

340 2454 464 2508 Paenula
476 2454 604 2521 solstitio,
617 2463 773 2523 campestre
785 2453 923 2508 nivalibus
937 2454 1020 2521 auris,

340 2538 393 2590 Per
404 2537 534 2590 brumam
547 2537 665 2605 Tiberis,
679 2537 777 2592 Sextili
789 2553 886 2590 mense
899 2537 1033 2591 caminus.

341 2623 418 2674 Dum
430 2620 504 2688 licet,
517 2637 551 2674 ac
563 2621 670 2674 voltum
683 2629 775 2674 servat
790 2621 914 2674 Fortuna
925 2619 1086 2689 benignum,

340 2705 448 2757 Romae
460 2703 588 2757 laudetur
600 2705 709 2770 Samos,
723 2711 750 2756 et
764 2702 858 2770 Chios,
870 2712 898 2756 et
912 2702 1028 2756 Rhodos
1041 2703 1144 2756 absens

340 2787 384 2838 Tu
396 2802 592 2856 quamcunque
607 2787 683 2839 Deus
696 2785 747 2839 tibi
760 2784 940 2839 fortunaverit
953 2785 1061 2852 horam,

240 2853 244 2860 ⁴
264 2888 268 2896 ‘¹
342 2870 431 2922 Grata
443 2884 522 2921 sume
534 2885 619 2921 manu
631 2887 638 2933 ;
657 2885 711 2922 neu
723 2867 817 2921 dulcia
828 2868 909 2922 differ
921 2867 950 2921 in
963 2885 1068 2921 annum
1081 2887 1088 2933 ;

341 2953 390 3019 Ut,
404 2967 569 3022 quocunque
582 2952 644 3005 loco
656 2951 749 3019 fueris,
761 2951 864 3005 vixisse
875 2951 994 3005 libenter

339 3036 382 3088 Te
394 3034 489 3088 dicas:
510 3051 577 3087 nam
589 3034 613 3088 si
626 3035 697 3088 ratio
710 3043 737 3088 et
749 3034 898 3104 prudentia
910 3052 999 3102 curas,

342 3119 408 3171 Non
420 3118 498 3172 locus
512 3117 591 3172 effusi
603 3118 660 3171 late
672 3117 757 3172 maris
771 3118 882 3185 arbiter,
895 3118 985 3172 aufert
996 3137 1002 3184 ;

342 3201 465 3268 Caelum,
478 3217 535 3254 non
548 3201 674 3254 animum
686 3210 796 3255 mutant
809 3201 855 3270 qui
868 3211 945 3255 trans
958 3218 1036 3255 mare
1049 3211 1169 3255 currunt.

341 3285 460 3339 Strenua
472 3301 524 3337 nos
537 3292 645 3338 exercet
658 3283 772 3337 inertia:
792 3283 910 3337 navibus
924 3292 1008 3354 atque

342 3365 492 3435 Quadrigis
505 3365 626 3436 petimus
639 3367 711 3420 bene
723 3366 822 3420 vivere.
861 3366 944 3434 Quod
956 3367 1037 3436 petis,
1049 3367 1096 3421 hic
1109 3376 1171 3430 est;

343 3450 395 3502 Est
409 3448 534 3516 Ulubris,
547 3448 657 3502 animus
671 3449 694 3502 si
707 3457 734 3502 te
747 3465 804 3502 non
817 3447 910 3502 delicit
924 3465 1036 3518 aequus.
1152 3484 1176 3520 30
