2804 4176
334 439 394 498 170
583 438 715 484 HORATII
739 441 921 485 SATIRARUM

333 567 457 622 Nomina
469 578 599 638 sectatur,
611 571 697 625 modo
710 580 821 640 sumpta
833 580 910 625 veste
922 567 994 624 virili

331 652 390 705 Sub
403 652 529 720 patribus
542 653 627 715 duris,
642 653 772 708 tironum.
811 653 944 720 Maxime,
958 654 1020 724 quis
1033 670 1098 721 non,

329 734 474 804 luppiter!
494 736 640 804 exclamat,
654 737 737 790 simul
749 747 834 808 atque
847 737 972 790 audivit?
1008 737 1046 790 At
1058 736 1087 789 in
1100 753 1131 790 se

331 817 385 871 Pro
393 827 512 887 quaestu
525 829 668 889 sumptum
681 819 748 874 facit
760 819 814 874 hic.
851 819 905 874 Vix
919 818 1031 873 credere
1043 820 1144 889 possis,

331 900 424 968 Quam
437 901 490 955 sibi
503 918 560 955 non
573 902 609 957 sit
622 902 729 956 amicus
741 921 748 968 ;
769 902 809 956 ita
821 912 852 956 ut
864 911 944 971 pater
956 902 1011 970 ille,
1024 902 1138 957 Terenti

330 983 439 1037 Fabula
451 1001 535 1055 quern
547 985 681 1039 miserum
693 994 780 1054 gnato
792 985 895 1038 vixisse
907 984 1004 1053 fugato

330 1066 450 1134 inducit,
463 1084 520 1121 non
533 1084 563 1122 se
575 1068 655 1137 pejus
668 1068 832 1122 cruciaverit
845 1077 929 1139 atque
941 1067 997 1121 hic.

329 1149 360 1204 Si
373 1150 436 1221 quis
448 1168 523 1205 nunc
537 1161 669 1222 quaerat:
691 1153 755 1222 Quo
767 1168 811 1205 res
824 1152 894 1206 haec
907 1150 1046 1220 pertinet?
1067 1151 1153 1205 illuc:

330 1235 407 1286 Dum
419 1234 509 1288 vitant
521 1235 598 1288 stulti
611 1235 687 1302 vitia,
700 1235 729 1287 in
742 1233 883 1288 contraria
893 1243 1014 1288 currunt

329 1315 465 1370 Maltinus
478 1316 580 1371 tunicis
593 1317 724 1371 demissis
737 1316 863 1370 ambulat
875 1336 881 1381 ;
901 1326 944 1370 est
956 1315 1004 1386 qui

329 1399 436 1468 Inguen
449 1399 486 1452 ad
499 1401 670 1454 obscoenum
683 1399 829 1454 subductis
842 1417 930 1471 usque
943 1401 1058 1456 facetus.

328 1482 458 1536 Pastillos
472 1483 591 1538 Rufillus
604 1485 668 1551 olet,
683 1483 841 1552 Gargonius
854 1483 971 1539 hircum.

329 1564 378 1618 Nil
390 1565 515 1619 medium
527 1576 577 1620 est.
615 1568 687 1621 Sunt
700 1567 748 1636 qui
759 1566 848 1620 nolint
862 1566 995 1635 tetigisse,
1008 1566 1061 1620 nisi
1075 1566 1146 1630 illas,

328 1648 455 1716 Quarum
468 1649 584 1702 subsuta
596 1649 668 1702 talos
681 1657 757 1718 tegat
771 1648 868 1702 instita
880 1659 974 1704 veste:

328 1732 433 1784 Contra
445 1731 515 1785 alius
528 1731 642 1799 nullam,
655 1732 709 1785 nisi
723 1731 808 1784 olenti
822 1731 850 1784 in
863 1731 969 1787 fornice
982 1742 1111 1787 stantem.

328 1813 451 1882 Quidam
462 1823 545 1868 notus
557 1814 643 1868 homo
657 1830 722 1868 cum
734 1813 820 1868 exiret
833 1814 939 1869 fornice
950 1834 958 1881 ;
978 1817 1074 1871 Macte

326 1895 436 1951 Virtute
449 1905 517 1964 esto,
531 1896 620 1967 inquit
633 1896 773 1951 sententia
785 1897 833 1951 dia
847 1897 979 1952 Catonis:

328 1979 405 2031 Nam
418 1979 501 2032 simul
514 1996 546 2033 ac
559 1996 645 2033 venas
659 1979 766 2032 inflavit
778 1988 851 2033 tetra
863 1979 960 2047 libido,

326 2062 392 2114 Huc
402 2061 519 2130 juvenes
531 2078 652 2133 aequum
665 2071 707 2116 est
720 2062 898 2130 descendere,
911 2080 968 2116 non
981 2063 1088 2118 alienas

328 2144 486 2197 Pennolere
498 2161 605 2198 uxores.
644 2145 743 2198 Nolim
753 2144 901 2213 laudarier,
915 2146 1014 2217 inquit,

328 2227 374 2281 Sic
386 2243 440 2294 me,
453 2227 569 2282 mirator
581 2229 666 2282 cunni
681 2228 852 2298 Cupiennius
865 2229 931 2283 albi.
992 2263 994 2267 >

325 2309 429 2363 Audire
442 2320 485 2364 est
496 2327 599 2380 operae
610 2311 739 2381 pretium,
752 2311 903 2381 procedere
914 2322 990 2367 recte

327 2392 382 2462 Qui
394 2394 528 2448 moechos
541 2411 598 2448 non
610 2395 701 2461 voltis,
715 2405 746 2449 ut
759 2395 835 2448 omni
849 2406 927 2464 parte
940 2396 1067 2450 laborent
1080 2415 1087 2461 ;

327 2476 423 2546 thue
436 2476 490 2530 illis
502 2479 591 2532 multo
604 2487 735 2548 corrupta
747 2477 843 2531 dolore
854 2479 992 2548 voluptas,

309 2559 418 2630 -Atque
430 2560 500 2614 haec
513 2578 585 2628 rara,
598 2562 682 2616 cadat
695 2561 765 2615 dura
778 2561 849 2615 inter
862 2577 947 2630 saepe
958 2562 1070 2630 pericla.

327 2644 383 2697 Hic
396 2661 426 2697 se
439 2644 621 2714 praecipitem
632 2653 707 2698 tecto
720 2643 798 2698 dedit
809 2663 816 2709 ;
835 2644 881 2697 ille
894 2643 1010 2713 flagellis

325 2725 371 2778 Ad
383 2736 502 2781 mortem
515 2743 614 2781 caesus
627 2746 634 2792 3
653 2726 761 2796 fugiens
774 2727 820 2781 hic
833 2726 938 2781 decidit
950 2745 1044 2781 acrem

327 2809 503 2862 Praedonum
516 2809 545 2862 in
558 2809 688 2874 turbam3
707 2809 785 2864 dedit
796 2809 842 2863 hic
855 2826 906 2878 pro
919 2827 1035 2880 corpore
1046 2827 1196 2875 nummos;

327 2893 412 2945 Hunc
425 2893 634 2960 perminxerunt
647 2893 777 2947 calones:
798 2892 865 2962 quin
878 2893 964 2947 etiam
976 2893 1045 2948 illud

325 2974 445 3042 Accidit,
458 2984 488 3029 ut
501 2975 616 3046 quidam
629 2984 715 3029 testes
728 2975 904 3045 caudamque
916 2976 1038 3030 salacem

327 3059 489 3112 Demeteret
501 3058 580 3113 ferro.
617 3060 691 3128 Jure,
705 3063 820 3112 omnes:
842 3059 935 3114 Galba
947 3060 1077 3128 negabat.

326 3142 425 3195 Tutior
437 3151 467 3194 at
479 3151 584 3211 quanto
596 3158 674 3196 merx
687 3151 729 3196 est
742 3142 772 3194 in
785 3143 875 3196 classe
889 3142 1021 3209 secunda,

328 3223 533 3278 Libertinarum
545 3224 618 3292 dico,
632 3225 781 3279 Sallustius
794 3225 823 3277 in
836 3241 906 3294 quas

329 3307 396 3360 Non
409 3306 501 3360 minus
515 3307 627 3376 insanit,
640 3325 725 3379 quarn
738 3307 786 3378 qui
799 3307 980 3362 moechatur:
1001 3315 1030 3361 at
1042 3306 1088 3360 hic
1102 3307 1134 3374 si,

327 3391 392 3459 Qua
403 3407 455 3458 reS,
469 3407 525 3460 qua
537 3391 608 3445 ratio
621 3391 759 3458 suaderet,
772 3407 883 3461 quaque
895 3390 1023 3444 modeste

328 3473 465 3527 Munifico
478 3489 540 3527 esse
552 3473 625 3542 licet,
638 3475 721 3529 vellet
733 3475 824 3529 bonus
837 3482 922 3544 atque
934 3473 1073 3543 benignus
1133 3507 1155 3544 51
