2804 4176
471 434 564 476 LIBER
587 434 606 475 1.
653 433 765 478 SATIRA
789 434 834 478 111.
1018 436 1052 495 17
1057 439 1074 494 3

216 565 276 618 Nec
289 563 379 633 magis
392 563 458 617 alba
469 563 544 630 velit,
557 580 642 632 quam
655 562 704 617 dat
716 571 826 630 natura,
838 563 936 618 videri.

215 649 304 714 Haec,
317 647 365 702 ubi
378 646 524 717 supposuit
536 646 634 700 dextro
647 663 749 715 corpus
762 647 831 700 mihi
844 647 963 713 laevum,

215 732 267 785 Ilia
279 741 307 786 et
320 732 423 802 Egeria
435 741 494 786 est:
515 731 552 786 do
564 747 668 785 nomen
681 730 826 801 quodlibet
838 731 887 784 illi.

215 817 276 869 Nec
288 832 385 869 vereor
396 831 440 882 ne,
453 815 521 868 dum
533 814 619 881 futuo,
632 814 674 867 vir
686 831 748 867 rure
763 823 894 881 recurrat,

212 899 303 967 Janua
312 898 463 967 frangatur,
476 898 558 952 latret
571 897 657 964 canis,
670 897 793 966 undique
806 913 910 965 magno

212 982 297 1035 Pulsa
308 981 408 1034 domus
422 980 538 1051 strepitu
551 988 669 1046 resonet,
682 979 822 1048 vepallida
834 979 907 1033 lecto

215 1064 334 1118 Desiliat
346 1064 453 1131 mulier,
467 1064 599 1118 miseram
612 1081 642 1116 se
654 1063 768 1116 conscia
781 1064 901 1128 clamet3

215 1147 347 1202 Cruribus
360 1148 430 1201 haec
444 1157 558 1214 metuat,
571 1146 630 1200 doti
643 1146 791 1215 deprensa,
805 1155 917 1215 egomet
929 1145 977 1199 ml.

215 1231 361 1284 Discincta
373 1230 468 1284 tunica
479 1229 643 1298 fugiendum
655 1238 707 1296 est,
720 1246 754 1282 ac
766 1229 838 1299 pede
850 1228 935 1296 nudo,

215 1315 261 1366 Ne
273 1313 380 1366 nummi
393 1323 515 1382 pereant,
529 1322 578 1366 aut
590 1328 672 1381 puga,
688 1322 736 1365 aut
749 1311 869 1386 denique
881 1311 965 1365 fama.

213 1396 356 1466 Deprendi
368 1396 502 1450 miserum
514 1404 573 1450 est:
595 1395 684 1448 Fabio
696 1395 740 1448 vel
749 1395 845 1464 judice
856 1395 977 1449 vincam.
1044 1429 1079 1466 134

524 1676 689 1730 SATIRA
720 1676 782 1728 111.

214 1824 361 1878 OMNIBUS
373 1823 427 1876 hoc
440 1821 539 1876 vitium
551 1829 595 1875 est
607 1819 777 1887 cantoribus,
791 1819 863 1873 inter
875 1819 981 1873 amicos

214 1912 256 1964 Ut
268 1927 413 1980 nunquam
425 1909 560 1968 inducant
572 1908 698 1961 animum
711 1916 825 1961 cantare
837 1905 936 1976 rogati,

215 1992 319 2061 Injussi
332 2009 478 2062 nunquam
491 1991 637 2045 desistant.
677 1991 783 2045 Sardus
795 1991 920 2045 habebat

216 2075 266 2128 Ille
279 2075 416 2143 Tigellius
428 2075 490 2129 hoc.
529 2075 641 2136 Caesar,
656 2074 703 2145 qui
716 2090 815 2143 cogere
827 2083 931 2142 posset,

214 2157 246 2211 Si
257 2167 363 2227 peteret
375 2174 425 2226 per
437 2156 591 2210 amicitiam
603 2157 691 2226 patris
705 2166 790 2226 atque
803 2173 892 2223 suam,
904 2173 962 2210 non

215 2239 377 2310 Quidquam
388 2239 533 2309 proficeret
545 2258 552 2303 3
572 2239 595 2292 si
608 2239 789 2306 collibuisset,
802 2238 838 2292 ab
852 2256 905 2293 ovo

215 2323 314 2392 Usque
326 2321 363 2374 ad
375 2323 450 2374 mala
462 2321 569 2388 citaret,
584 2323 616 2374 lo
630 2322 760 2374 Bacche!
780 2320 865 2374 modo
878 2337 990 2374 summa

214 2407 298 2473 Voce,
311 2404 396 2458 modo
408 2404 470 2471 hac,
483 2413 596 2458 resonat
608 2420 680 2473 quae
692 2403 804 2457 chordis
817 2412 948 2472 quattuor
960 2403 1024 2457 ima.

216 2489 265 2541 Nil
277 2489 393 2558 aequale
405 2487 512 2541 homini
527 2486 579 2540 fuit
592 2487 649 2541 illi:
670 2503 755 2555 saepe
766 2487 843 2540 velut
855 2485 902 2556 qui

216 2572 351 2628 Currebat
362 2571 471 2641 fugiens
483 2571 612 2636 hostem3
631 2586 765 2640 persaepe
777 2570 852 2624 velut
865 2569 913 2640 qui

213 2655 331 2726 Junonis
344 2671 425 2708 sacra
437 2654 538 2708 ferret:
558 2654 682 2708 habebat
695 2670 779 2722 saepe
792 2652 936 2719 ducentos,

215 2740 306 2808 Saepe
317 2738 416 2792 decem
428 2754 523 2791 servos
534 2756 541 2802 3
560 2736 646 2796 modo
658 2753 738 2805 reges
752 2745 836 2806 atque
848 2735 1011 2802 tetrarchas,

216 2821 320 2876 Omnia
332 2837 444 2890 magna,
456 2821 574 2891 loquens
587 2839 595 2886 ;
613 2819 707 2887 mod0,
721 2819 764 2873 Sit
777 2818 846 2872 mihi
859 2835 958 2872 mensa
971 2817 1065 2888 tripes,
1078 2828 1106 2872 et

215 2905 332 2960 Concha
344 2904 410 2958 salis
422 2905 492 2974 puri,
505 2914 533 2958 et
545 2913 612 2972 toga
624 2919 696 2972 quae
709 2902 858 2956 defendere
870 2901 966 2971 frigus,

214 2988 350 3059 Quamvis
363 3004 466 3054 crassa,
479 2996 571 3056 queat.
611 2985 713 3039 Decies
726 2995 846 3040 centena
857 2984 984 3039 dedisses

215 3071 291 3126 Huic
304 3088 390 3141 parco
402 3070 499 3139 paucis
512 3077 654 3136 contento,
667 3069 790 3138 quinque
803 3068 902 3122 diebus

216 3155 266 3208 Nil
278 3163 338 3209 erat
350 3153 380 3206 in
391 3152 499 3208 loculis.
538 3154 646 3206 Noctes
658 3151 794 3220 vigilabat
806 3151 843 3204 ad
856 3151 950 3220 ipsum

215 3239 310 3307 Mane,
323 3237 398 3292 diem
411 3245 500 3291 totum
513 3235 648 3290 stertebat
661 3253 668 3299 ;
686 3234 726 3287 nil
738 3234 790 3288 fuit
801 3251 926 3305 unquam

215 3321 262 3376 Sic
275 3321 367 3390 impar
379 3319 441 3374 sibi.
481 3321 508 3372 N
511 3335 566 3372 une
579 3317 679 3388 aliquis
693 3317 768 3371 dicat
780 3317 867 3371 mihi:
889 3317 963 3387 Quid
975 3319 1024 3372 tu?

216 3405 338 3458 Nullane
349 3404 438 3457 habes
450 3402 539 3456 vitia?
578 3403 669 3456 Immo
682 3400 746 3468 alia,
759 3409 786 3454 et
801 3400 918 3455 fortasse
930 3400 1046 3454 minora
1094 3447 1097 3452 .

216 3488 345 3542 Maenius
358 3488 504 3542 absentem
518 3485 643 3540 Novium
656 3501 720 3539 cum
733 3493 874 3554 carperet:
897 3485 976 3538 Heus
990 3493 1028 3550 tu,
1058 3505 1081 3530 21
