2792 4168
476 465 576 508 risen.
622 464 753 509 cunum
777 463 844 506 x111.
1024 460 1081 520 157

520 719 707 774 CARMEN
738 719 813 772 XII.

314 856 399 925 QUID
411 854 464 909 tibi
476 853 527 922 vis,
539 854 638 908 mulier
650 853 737 924 nigris
749 851 916 921 dignissima
927 851 1037 906 barris?

348 939 468 992 Munera
479 937 547 1008 quid
558 936 636 1004 mihi,
649 937 751 1008 quidve
763 935 880 990 tabellas

313 1022 414 1089 Mittis,
426 1037 478 1075 nee
490 1021 571 1074 finno
580 1020 685 1090 juveni,
698 1035 788 1090 neque
800 1019 876 1072 naris
889 1017 1010 1072 obesae?

349 1105 480 1176 Namque
493 1103 621 1172 sagacius
634 1119 705 1157 unus
718 1102 828 1168 odoror,

315 1188 436 1258 Polypus
450 1204 486 1240 an
499 1185 591 1256 gravis
603 1185 719 1239 hirsutis
732 1185 815 1238 cubet
826 1183 921 1238 hircus
934 1183 963 1239 in
976 1183 1036 1249 alis,

350 1271 443 1342 Quam
455 1269 533 1324 canis
546 1286 618 1337 acer,
630 1269 678 1323 ubi
690 1270 777 1322 lateat
790 1284 846 1322 sus.

315 1354 385 1425 Quis
395 1353 480 1408 sudor
488 1352 579 1420 vietis,
590 1361 617 1406 et
627 1369 712 1422 quam
721 1351 812 1405 maius
825 1350 948 1422 undique
960 1349 1093 1404 membris

351 1437 457 1492 Crescit
469 1435 539 1491 odor
552 1439 558 1490 Ξ
578 1452 642 1491 cum
654 1451 727 1506 pene
740 1435 831 1489 soluto

317 1520 489 1575 Indomitam
501 1528 633 1589 properat
650 1519 758 1573 rabiem
771 1517 869 1572 sedare
882 1537 890 1584 ;
908 1534 998 1589 neque
1010 1517 1050 1570 illi

348 1605 412 1674 Jam
424 1612 521 1657 manet
533 1601 651 1656 humida
663 1611 748 1670 creta,
761 1603 892 1673 colorque

315 1688 442 1741 Stercore
454 1686 563 1741 fucatus
576 1685 709 1742 crocodili
721 1704 728 1750 ;
744 1685 859 1757 jamque
872 1684 999 1739 subando

349 1773 442 1825 Tenta
453 1769 564 1837 cubilia,
577 1777 706 1841 tectaque
718 1769 822 1838 rumpit
833 1788 840 1833 ;

315 1854 366 1907 Vel
378 1870 443 1908 mea
455 1869 520 1907 cum
533 1853 624 1906 saevis
637 1851 725 1922 agitat
738 1851 851 1906 fastidia
862 1850 971 1905 verbis:

351 1936 468 1990 Inachia
480 1936 596 2005 langues
608 1935 709 2002 minus,
722 1951 756 1988 ac
768 1951 830 1989 me:

317 2020 463 2073 Inachiam
476 2028 518 2073 ter
529 2028 613 2074 nocte
626 2027 706 2087 potes
717 2037 725 2083 ;
743 2017 813 2072 mihi
826 2033 935 2087 semper
947 2017 984 2070 ad
996 2033 1083 2070 unum
1102 2020 1104 2028 ⁴

354 2103 448 2156 Mollis
462 2119 539 2172 opus.
579 2103 678 2155 Pereat
690 2100 772 2169 maie,
785 2118 857 2172 quae
869 2109 896 2154 te

320 2185 429 2252 Lesbia,
442 2184 586 2255 quaerenti
599 2192 718 2252 taurum,
731 2183 897 2237 monstravit
909 2183 1034 2250 inertem,

352 2267 424 2321 Cum
435 2266 505 2319 mihi
519 2266 595 2320 Cous
608 2265 719 2319 adesset
731 2266 877 2334 Amyntas,

318 2349 403 2418 Cujus
417 2348 445 2401 in
458 2347 597 2402 indomito
608 2347 782 2401 constantior
794 2347 907 2416 inguine
919 2363 1028 2413 nervus,

353 2432 446 2501 Quam
458 2447 533 2484 nova
544 2430 662 2484 collibus
675 2430 759 2483 arbor
770 2429 903 2483 inhaeret.

318 2514 474 2568 Muricibus
487 2512 579 2582 Tyriis
593 2512 708 2566 iteratae
720 2513 823 2565 vellera
834 2512 915 2566 lanae

354 2596 405 2652 Cui
418 2596 658 2667 properabantur?
693 2594 760 2649 Tibi
772 2611 874 2665 nempe

319 2683 364 2734 Ne
377 2680 448 2735 foret
460 2681 591 2751 aequales
604 2679 676 2733 inter
688 2678 814 2746 conviva,
827 2677 917 2747 magis
931 2694 1014 2750 quem

354 2763 491 2833 Diligeret
503 2763 603 2817 mulier
615 2779 666 2816 sua
678 2778 763 2834 quam
775 2770 810 2816 te.

285 2860 287 2863 ·
317 2849 342 2902 O
357 2863 409 2916 ego
421 2863 478 2900 non
490 2846 563 2914 felix,
576 2862 661 2917 quam
674 2854 704 2899 tu
716 2844 798 2914 fugis,
810 2853 841 2898 ut
852 2853 937 2915 pavet
949 2861 1028 2899 acres

352 2930 435 2998 Agna
446 2930 536 2999 lupos,
551 2943 723 2999 capreaeque
735 2928 830 2982 leones
842 2929 848 2982 i

514 3174 704 3228 CARMEN
733 3174 831 3227 XIII.

579 3320 623 3361 An
641 3319 766 3363 amcos

270 3445 420 3499 HORRIDA
433 3451 586 3512 tempestas
598 3442 707 3496 caelum
720 3442 866 3510 contraxit,
879 3451 906 3497 et
918 3442 1022 3498 imbres

306 3527 449 3598 Nivesque
460 3524 603 3580 deducunt
613 3526 729 3595 Jovem;
747 3542 821 3581 nunc
833 3542 919 3594 mare,
930 3542 1005 3581 nunc
1019 3526 1105 3580 siluae
