2792 4168
429 463 523 506 LIBER
545 463 583 508 IV.
630 465 761 508 CARMEN
783 465 825 506 XI.
993 467 1048 524 133

347 594 447 662 Multa,
462 611 517 665 qua
530 594 620 647 crines
633 595 749 664 religata
761 596 866 665 fulges:

347 677 432 730 Ridet
445 686 560 746 argento
573 676 673 730 domus
685 696 692 742 ;
711 696 760 732 ara
772 680 857 732 castis

345 760 449 814 Vincta
460 760 588 814 verbenis
601 769 664 815 avet
677 760 821 815 immolato

417 844 549 913 Spargier
561 861 635 912 agno
646 863 652 897 :

347 980 455 1033 Cuncta
467 978 580 1032 festinat
592 996 692 1032 manus
706 999 713 1044 ;
732 979 787 1033 huc
800 989 827 1033 et
841 979 904 1033 illuc

348 1062 491 1117 Cursitant
503 1062 606 1116 mixtae
619 1062 711 1131 pueris
724 1063 850 1131 puellae:

346 1146 497 1200 Sordidum
509 1145 639 1198 flammae
652 1145 793 1214 trepidant
805 1154 929 1200 rotantes

415 1227 526 1282 Vertice
538 1228 654 1282 furnum.

346 1365 388 1418 Ut
400 1373 494 1418 tamen
507 1364 583 1418 noris
596 1365 697 1435 quibus
710 1364 855 1418 advoceris

346 1448 472 1515 Gaudiis,
488 1447 555 1501 Idus
565 1447 616 1501 tibi
629 1457 694 1501 sunt
707 1447 841 1517 agendae,

346 1531 402 1601 Qui
414 1531 474 1584 dies
487 1547 614 1584 mensem
626 1531 742 1584 Veneris
755 1530 880 1585 marinae

415 1616 438 1668 F
440 1614 511 1669 indit
523 1614 656 1683 Aprilem,

343 1753 409 1821 Jure
422 1750 564 1805 sollemnis
577 1749 655 1818 mihi,
669 1750 845 1820 sanctiorque

345 1834 438 1888 Paene
451 1835 538 1887 natali
550 1833 663 1902 proprio
674 1852 681 1898 ;
700 1833 776 1904 quod
788 1851 822 1886 ex
834 1834 887 1888 hac

346 1917 420 1970 Luce
434 1918 585 1970 Maecenas
598 1932 677 1970 meus
690 1916 845 1970 adfluentes

416 1999 536 2054 Ordinat
548 2016 646 2052 annos.

344 2135 510 2204 Telephum,
523 2151 607 2204 quem
619 2142 650 2188 tu
662 2135 742 2204 petis,
755 2135 903 2204 occupavit

347 2219 413 2271 Non
426 2226 490 2270 tuae
503 2217 585 2269 sortis
595 2217 726 2286 juvenem
738 2218 831 2286 puella

347 2299 434 2352 Dives
447 2307 475 2352 et
486 2299 600 2364 lasciva,
613 2307 742 2369 tenetque
755 2309 836 2368 grata

417 2380 559 2449 Compede
571 2381 704 2434 vinctum.

345 2519 444 2571 Terret
456 2517 602 2570 ambustus
617 2515 763 2569 Phaethon
776 2533 875 2571 avaras

346 2602 417 2670 Spes
428 2620 436 2666 ;
455 2610 483 2654 et
495 2600 652 2668 exemplum
664 2615 749 2668 grave
761 2601 876 2669 praebet
889 2603 946 2656 ales

346 2686 479 2755 Pegasus,
492 2693 632 2736 terrenum
646 2683 767 2753 equitem
779 2693 911 2753 gravatus

416 2767 668 2836 Bellerophontem,

346 2892 464 2960 Semper
476 2899 507 2944 ut
519 2899 547 2943 te
559 2889 645 2957 digna
658 2905 782 2958 sequare,
796 2897 832 2956 et,
844 2891 917 2944 ultra

347 2977 440 3044 Quam
452 2972 517 3027 lieet
528 2988 639 3041 sperare
652 2971 729 3025 nefas
742 2972 876 3041 putando,
902 2963 905 2969 ’

346 3056 497 3126 Disparem
509 3054 587 3108 vites.
624 3056 685 3124 Age
694 3053 763 3123 jam,
776 3070 903 3109 meorum

417 3137 495 3192 Finis
508 3153 643 3205 amorum,

346 3261 425 3330 (Non
438 3259 514 3313 enim
526 3258 644 3328 posthac
658 3258 713 3311 alia
725 3259 824 3313 calebo

346 3342 475 3412 Femina)
489 3342 620 3396 condisce
633 3341 741 3409 modos,
755 3341 877 3396 amanda

345 3429 423 3481 Voce
436 3443 505 3497 quos
518 3424 637 3478 reddas:
658 3425 818 3479 minuentur
829 3434 907 3480 atrae

418 3509 548 3565 Carmine
561 3525 650 3564 curae.
