2792 4168
582 391 714 435 HORATII
736 391 907 435 CARMINUM

464 526 487 592 l,
499 523 585 594 pedes
598 539 654 593 quo
666 531 694 575 te
706 521 817 591 rapiunt
829 530 857 574 et
869 537 960 587 aurae,

465 609 542 661 Dum
554 605 628 659 favet
640 621 696 658 nox
708 613 736 657 et
748 605 852 671 Venus,
865 603 874 656 i
887 602 1010 657 secundo

465 689 574 756 Omine,
587 698 615 743 et
627 687 715 741 nostri
727 703 880 740 memorem
893 686 1039 756 sepulchro

535 772 635 841 Scalpe
648 770 795 841 querelam.

602 1101 794 1154 CARMEN
827 1100 903 1152 XII.

629 1259 672 1299 nn
691 1257 868 1300 Neoaunmr.

337 1395 531 1448 MISERARUM
545 1401 587 1446 est
599 1408 690 1462 neque
701 1391 799 1445 Amori
812 1390 879 1444 dare
891 1389 996 1457 ludum,
1009 1405 1099 1460 neque
1112 1388 1185 1443 dulci

336 1478 414 1531 Mala
426 1477 491 1531 vino
503 1477 603 1543 lavere,
616 1483 664 1528 aut
677 1474 838 1542 exanimari,
850 1482 1005 1528 metuentes

477 1562 596 1614 Patruae
608 1559 725 1613 verbera
735 1558 854 1627 linguae.

336 1714 402 1769 Tibi
414 1714 528 1784 qualum
541 1713 694 1782 Cythereae
706 1728 775 1782 puer
786 1712 853 1779 ales,
866 1713 917 1767 tibi
930 1713 1009 1780 telas,

337 1799 534 1867 Operosaeque
547 1795 691 1849 Minervae
705 1794 828 1848 studium
840 1795 936 1862 aufert,
951 1794 1086 1861 Neobule‚

479 1878 606 1949 Liparaei
618 1878 692 1932 nitor
705 1877 795 1932 Hebri
807 1897 814 1943 ;

340 2035 429 2090 Simul
442 2044 540 2090 unctos
553 2034 693 2088 Tiberinis
705 2034 836 2089 humeros
849 2035 916 2090 lavit
929 2035 957 2089 in
970 2035 1061 2101 undis,

340 2121 434 2189 Eques
446 2119 508 2188 ipso
520 2117 618 2172 melior
630 2118 853 2187 Bellerophonte,
865 2135 955 2190 neque
967 2135 1062 2189 pugno

480 2203 579 2271 Neque
585 2201 669 2270 segni
682 2201 754 2270 pede
765 2201 855 2255 victus
866 2220 873 2266 ;

342 2358 429 2412 Catus
442 2357 516 2412 idem
528 2375 578 2427 per
590 2367 718 2428 apertum
730 2357 867 2427 fugientes
880 2358 985 2428 agitato

342 2442 432 2510 Grege
444 2458 540 2495 cervos
550 2441 675 2510 jaculari,
688 2451 716 2494 et
728 2443 801 2495 celer
813 2442 870 2495 alto
882 2441 1039 2497 latitantem

481 2524 622 2579 Fruticeto
635 2524 761 2594 excipere
774 2541 880 2594 aprum.

600 2866 787 2921 CARMEN
819 2867 916 2920 XIII.

555 3027 597 3068 no
617 3027 745 3068 eorunm
764 3026 957 3070 nnnnumuu.

459 3162 483 3215 O
498 3173 576 3216 Fotts
590 3161 756 3229 Bandusiae,
769 3161 941 3232 splendidior
951 3161 1031 3229 vitro,

459 3243 543 3297 Dulci
556 3243 640 3312 digne
652 3261 737 3313 mero,
751 3263 808 3300 non
821 3245 880 3300 sine
893 3244 1015 3311 floribus,

495 3327 564 3380 Cras
576 3326 725 3382 donaberis
737 3328 836 3396 haedo,

530 3409 580 3464 Cui
593 3408 668 3463 frons
678 3409 789 3480 turgida
801 3410 930 3465 cornibus
