2804 4176
318 466 352 525 17
359 469 374 508 2
565 465 697 509 HORATII
721 465 903 509 SATIRARUM

313 595 393 650 Molli
406 595 477 650 fulta
488 595 560 665 pede
573 604 624 663 est,
638 604 794 665 emptorem
806 594 922 649 inducat
934 593 1069 662 hiantem,

313 679 397 748 Quod
408 679 542 748 pulchrae
555 679 659 745 clunes,
672 679 757 732 breve
769 678 846 748 quod
859 687 952 747 caput,
965 677 1053 732 ardua
1066 677 1165 732 cervix.

315 763 379 816 Hoc
392 761 431 815 illi
444 763 538 816 recte?
557 779 592 815 ne
605 762 729 830 corporis
742 761 850 831 optima
863 761 966 830 Lyncei

312 846 509 916 Contemplere
521 845 617 913 oculis,
633 847 769 915 Hypsaea
781 845 891 900 caecior
902 845 957 911 illa,

313 929 393 998 Quae
406 930 481 982 mala
493 938 558 983 sunt
571 939 689 998 spectes.
728 930 753 983 O
767 931 847 983 crus!
867 945 884 982 o
897 927 1031 982 brachia!
1050 944 1149 982 verum

312 1012 448 1082 Depugis,
461 1021 570 1079 nasuta,
583 1012 661 1066 brevi
673 1012 761 1066 latere
774 1028 806 1065 ac
820 1011 891 1080 pede
903 1012 988 1079 longo
1001 1019 1051 1066 est.

312 1095 469 1162 Matronae,
482 1105 592 1164 praeter
604 1094 717 1161 faciem,
730 1095 770 1148 nil
783 1110 895 1149 cernere
908 1094 1009 1163 possiS,

313 1180 421 1247 Cetera,
434 1178 463 1232 ni
477 1179 558 1232 Catia
571 1188 621 1246 est,
635 1178 760 1232 demissa
771 1188 850 1233 veste
865 1178 992 1247 tegentis.

312 1261 342 1315 Si
356 1261 506 1316 interdicta
517 1271 606 1331 peteS,
618 1262 693 1315 vallo
706 1261 881 1316 circumdata
895 1264 973 1330 (nam
985 1269 1013 1315 te

313 1347 377 1400 Hoc
389 1345 456 1399 facit
469 1345 611 1414 insanum)
624 1346 730 1400 multae
742 1345 794 1399 tibi
807 1355 868 1399 tum
880 1345 1003 1400 officient
1015 1362 1069 1412 res,

313 1429 459 1496 Custodes,
473 1429 581 1497 lectica,
595 1428 748 1495 ciniflones,
761 1429 910 1497 parasitae,

311 1512 357 1566 Ad
372 1513 444 1566 talos
457 1512 530 1565 stola
543 1511 676 1578 demissa,
689 1521 717 1565 et
729 1511 903 1566 circumdata
914 1512 997 1580 palla,

314 1594 446 1661 Plurima,
460 1611 532 1665 quae
545 1594 690 1648 invideant
702 1611 771 1663 pure
784 1611 918 1664 apparere
931 1594 982 1648 tibi
993 1611 1060 1648 rem.
1110 1591 1113 1600 '

311 1678 416 1744 Altera,
429 1677 469 1730 nil
482 1678 578 1731 obstat
591 1695 597 1730 :
619 1677 685 1730 Cois
698 1676 749 1730 tibi
762 1694 852 1746 paene
864 1677 959 1732 videre
971 1686 1014 1731 est

314 1760 356 1814 Ut
367 1759 483 1826 nudam,
496 1776 532 1813 ne
545 1775 625 1814 crure
637 1760 722 1826 malo,
735 1776 771 1813 ne
785 1759 821 1812 sit
833 1758 905 1828 pede
918 1760 992 1828 turpi
1004 1777 1011 1825 ;

314 1842 409 1896 Metiri
421 1842 514 1912 possis
524 1842 606 1896 oculo
619 1842 700 1896 latus.
738 1843 783 1895 An
796 1842 848 1896 tibi
861 1842 951 1895 mavis

314 1925 436 1978 Insidias
449 1925 517 1992 lieri,
530 1925 707 1995 pretiumque
720 1925 842 1992 avellier,
856 1933 921 1979 ante

314 2009 406 2078 Quam
419 2024 541 2062 mercem
554 2007 683 2062 ostendi?
721 2009 884 2077 “Leporem
895 2016 1013 2061 venator
1025 2015 1055 2060 ut
1068 2008 1126 2061 alta

314 2092 348 2144 In
360 2091 424 2145 nive
436 2100 565 2156 sectetur,
578 2091 702 2161 positum
715 2092 755 2146 sic
768 2100 883 2160 tangere
896 2091 965 2145 nolit
976 2092 1004 2145 :''

315 2177 425 2242 Cantat,
438 2184 465 2228 et
478 2175 603 2245 apponit,
617 2175 725 2229 “Meus
738 2186 781 2230 est
794 2193 874 2229 amor
885 2175 950 2229 huic
964 2175 1065 2229 similis
1077 2194 1084 2241 ;
1103 2191 1170 2229 nam

312 2259 481 2312 Transvolat
494 2258 523 2311 in
536 2258 630 2312 medio
642 2259 743 2328 posita,
757 2267 784 2312 et
796 2258 933 2328 fugientia
942 2260 1063 2328 captat.''

314 2341 433 2395 Hiscine
445 2341 588 2396 versiculis
602 2359 698 2412 speras
711 2343 762 2396 tibi
775 2359 858 2411 posse
871 2329 981 2396 dolores

312 2425 405 2494 Atque
417 2434 511 2479 aestus
524 2442 660 2496 curasque
672 2442 772 2494 graves
785 2442 800 2479 e
812 2435 925 2494 pectore
937 2425 1021 2494 pelli?

315 2509 426 2574 Nonne,
440 2507 618 2577 cupidinibus
631 2517 736 2562 statuat
749 2517 850 2562 natura
863 2508 980 2561 modum
992 2524 1084 2579 quem,

315 2590 390 2660 Quid
403 2591 501 2657 latura,
514 2590 567 2644 sibi
581 2591 649 2661 quid
662 2591 699 2644 sit
711 2591 832 2645 dolitura
844 2599 986 2660 negatum,

315 2674 455 2742 Quaerere
466 2673 530 2742 plus
542 2672 665 2742 prodest,
678 2683 706 2726 et
720 2674 803 2727 inane
816 2673 981 2728 abscindere
994 2673 1092 2728 soldo?

315 2756 401 2821 Num,
414 2754 466 2808 tibi
480 2771 545 2808 cum
557 2755 653 2809 fauces
666 2757 721 2810 urit
734 2757 804 2823 sitis,
817 2773 903 2810 aurea
915 2757 1025 2826 quaeris

314 2838 437 2893 Pocula?
455 2855 524 2892 num
537 2839 661 2893 esuriens
674 2839 784 2894 fastidis
797 2839 893 2894 omnia
905 2848 1016 2908 praeter

314 2923 457 2976 Pavonem
465 2921 684 2992 rhombumque?
701 2924 824 2976 Tument
832 2923 884 2976 tibi
891 2922 1084 2991 cuminguina‚
1090 2939 1166 2989 num,
1172 2923 1195 2974 si

313 3005 424 3058 Ancilla
436 3013 484 3059 aut
496 3020 583 3059 verna
595 3013 638 3059 est
650 3015 762 3074 praesto
775 3022 852 3075 puer,
866 3005 987 3075 impetus
1000 3006 1029 3059 in
1041 3022 1125 3076 quem

315 3088 455 3143 Continuo
467 3088 524 3155 liat,
537 3088 619 3142 malis
632 3088 769 3156 tentigine
780 3088 891 3157 rumpi?

315 3172 342 3224 N
345 3188 383 3225 on
390 3187 443 3240 ego
455 3189 462 3236 ;
480 3187 603 3241 namque
616 3171 772 3240 parabilem
785 3187 849 3225 amo
862 3186 1000 3238 venerem,
1013 3170 1187 3240 facilemque.

316 3254 406 3321 Illam
419 3254 513 3307 “Post
525 3254 619 3322 paullo
631 3255 660 3319 ;”
679 3254 761 3308 “Sed
773 3254 861 3324 pluris
872 3254 899 3306 :'’
918 3253 974 3308 “Si
986 3253 1083 3306 exierit
1094 3253 1137 3306 vir
1149 3253 1176 3318 ;”

315 3337 413 3404 Gallis,
425 3337 507 3402 hanc,
522 3335 702 3390 Philodemus
715 3337 763 3404 ait,
776 3337 838 3397 sibi,
853 3352 926 3406 quae
939 3352 1030 3406 neque
1042 3351 1147 3405 magno

315 3422 376 3475 Stet
388 3419 486 3489 pretio,
499 3434 590 3488 neque
603 3428 757 3487 cunctetur,
770 3436 835 3473 cum
848 3426 890 3472 est
899 3419 987 3487 jussa,
999 3418 1102 3474 venire.

317 3503 445 3558 Candida
457 3511 589 3574 rectaque
602 3502 656 3572 sit,;
674 3501 781 3556 munda
792 3502 938 3568 hactenus,
950 3510 981 3556 ut
993 3518 1084 3573 neque
1095 3503 1180 3571 longa

1110 3597 1146 3633 123
