2804 4176
452 433 546 477 LIBER
569 436 587 477 1.
634 434 745 478 SATIRA
767 435 808 478 1x.
997 438 1052 494 193

184 564 274 617 Trans
286 563 410 618 Tiberim
422 563 506 632 longe
518 564 603 618 cubat
615 564 647 631 is,
659 581 746 635 prope
760 564 887 619 Caesaris
899 565 1004 619 hortos.

186 646 235 700 Nil
246 647 337 701 habeo
347 646 422 718 quod
434 663 526 716 agam,
536 655 564 701 et
574 662 632 700 non
642 633 705 701 suni
717 647 797 718 piger
807 667 814 712 ;
833 664 920 719 usque
933 665 1033 718 sequar
1045 657 1080 701 te.

186 730 311 784 Demitto
323 729 469 796 auriculas,
482 738 512 783 ut
523 729 636 799 iniquae
647 730 750 784 mentis
763 732 871 798 aselluS,

186 813 257 866 Cum
269 812 380 881 gravius
392 812 475 866 dorso
488 812 574 867 subiit
585 829 663 867 onus.
703 813 805 882 Incipit
816 813 862 868 ille
874 833 880 878 ;

186 895 216 948 Si
228 895 300 949 bene
311 912 356 949 me
368 895 442 962 novi,
454 912 512 950 non
524 895 641 950 Viscum
653 896 739 964 pluris
752 896 882 964 amicum,

187 979 253 1031 Non
264 978 387 1046 Varium,
400 978 502 1032 iacies:
522 995 589 1032 nam
601 978 663 1048 quis
675 996 722 1032 me
735 979 855 1034 scribere
867 980 959 1049 plures

185 1062 241 1114 Aut
253 1060 334 1115 eitius
347 1061 436 1131 possit
448 1062 564 1115 versus?
583 1061 645 1131 quis
658 1062 786 1116 membra
797 1078 908 1116 movere

186 1142 319 1197 Mollius?
357 1143 484 1198 Invideat
497 1143 572 1214 quod
585 1152 612 1198 et
626 1145 827 1212 Hermogenes,
840 1161 893 1213 ego
905 1153 996 1198 canto.

186 1227 384 1296 Interpellandi
396 1228 474 1281 locus
487 1226 533 1281 hic
547 1235 607 1280 erat
618 1245 625 1291 ;
645 1228 698 1280 Est
710 1227 761 1281 tibi
774 1228 881 1282 mater?

186 1309 312 1377 Cognati,
325 1310 387 1381 quis
400 1319 428 1364 te
440 1311 517 1364 salvo
530 1318 573 1363 est
585 1310 677 1378 opus?
716 1311 803 1365 Haud
814 1310 884 1363 mihi
896 1310 1044 1381 quisquam
1056 1331 1062 1374 ;

187 1395 292 1448 Omnes
305 1395 457 1464 composui,
495 1392 619 1448 Felicesl
638 1411 712 1449 nunc
725 1411 777 1464 ego
789 1404 881 1449 resto:

186 1476 316 1548 Confice3
333 1494 455 1549 namque
468 1477 554 1532 instat
566 1475 655 1531 fatum
666 1477 736 1531 mihi
748 1476 834 1544 triste,
847 1478 961 1532 Sabella

187 1559 269 1628 Quod
281 1577 367 1629 puero
379 1560 480 1614 cecinit
493 1560 588 1614 divina
600 1569 678 1614 mota
690 1576 760 1614 anus
773 1577 843 1614 urna
856 1579 861 1614 :

186 1643 270 1696 Hune
283 1659 374 1713 neque
386 1643 448 1697 dira
455 1660 564 1698 venena
575 1659 626 1696 nec
639 1643 763 1698 hosticus
776 1643 882 1698 auferet
894 1643 977 1709 cusia,

187 1726 248 1779 Nec
260 1725 378 1780 laterum
391 1727 477 1794 dolor,
490 1735 538 1780 aut
550 1725 644 1793 tussis,
656 1742 708 1780 nec
721 1725 802 1780 tarda
814 1726 958 1796 podagra;

186 1809 319 1885 Garrulus
332 1810 406 1864 hunc
419 1809 531 1880 quando
544 1818 689 1863 consumet
701 1826 828 1881 cunque;
846 1811 987 1880 loquaces,

186 1892 217 1946 Si
229 1892 328 1962 sapiat,
340 1892 416 1960 vitet,
429 1893 511 1947 simul
523 1901 607 1962 atque
619 1892 771 1946 adoleverit
783 1902 868 1948 aetas.

184 1975 306 2029 Ventum
319 1984 378 2028 erat
391 1974 427 2028 ad
439 1975 550 2043 Vestae,
562 1984 663 2044 quarta
671 1975 732 2045 jam
744 1983 823 2046 parte
835 1975 890 2029 diei

187 2057 354 2111 Praeterita:
375 2067 402 2111 et
414 2074 482 2112 casu
494 2067 560 2112 tunc
573 2057 741 2128 respondere
752 2058 856 2113 vadato

188 2139 325 2206 Debebat,
338 2139 414 2209 quod
425 2140 455 2192 ni
467 2140 586 2208 lecisset,
599 2141 713 2210 perdere
725 2141 810 2195 litem

188 2222 218 2275 Si
230 2238 276 2275 me
288 2238 375 2288 amas,
388 2222 485 2291 inquit,
498 2224 622 2291 paullum
633 2223 679 2276 hic
692 2222 769 2276 ades.
808 2225 955 2289 Inteream,
969 2224 993 2276 si

185 2304 243 2358 Aut
254 2305 333 2356 valeo
346 2313 427 2372 stare,
440 2313 487 2358 aut
500 2304 565 2358 novi
578 2303 669 2358 civilia
677 2304 760 2373 jura;

188 2387 225 2440 Et
237 2403 355 2456 propero
368 2403 423 2457 quo
436 2386 498 2440 scis.
537 2386 647 2441 Dubius
660 2403 722 2440 sum
735 2386 802 2456 quid
815 2385 924 2454 faciam,
937 2387 1026 2457 inquit
1040 2408 1047 2452 3

186 2470 263 2524 Tene
275 2462 438 2539 relinquam,
451 2486 566 2524 anrem.
604 2471 662 2536 Me,
675 2469 765 2523 sodes.
805 2471 871 2522 Non
883 2468 992 2537 faciam,
1006 2471 1059 2537 ille,

186 2555 224 2607 Et
236 2553 401 2623 praecedere
413 2553 512 2623 eoepit.
550 2554 612 2622 Ego
625 2560 655 2607 ut
667 2551 834 2609 contendere
847 2553 947 2606 durum
959 2561 1001 2606 est

188 2637 259 2691 Cum
270 2635 382 2704 victore,
396 2652 502 2706 sequor.
540 2637 691 2690 Maecenas
705 2635 846 2707 quomodo
858 2636 969 2689 tecum?

187 2720 263 2774 Hinc
273 2719 379 2790 repetit.
417 2721 573 2773 Paucorum
581 2719 735 2786 hominurn,
745 2727 773 2772 et
786 2718 887 2772 mentis
896 2719 968 2772 bene
979 2735 1064 2772 sanae
1076 2739 1083 2782 ;

188 2804 280 2856 Nemo
292 2801 430 2856 dexterius
443 2801 553 2857 fortuna
565 2810 607 2856 est
620 2794 693 2855 usus.
733 2801 861 2854 Haberes

187 2887 324 2956 Magnum
336 2885 500 2955 adjutorem,
512 2894 607 2955 posset
620 2884 668 2955 qui
681 2883 750 2937 ferre
763 2883 909 2950 secundas,

187 2970 271 3022 Hunc
284 2967 426 3022 hominem
438 2968 522 3023 velles
535 2968 559 3021 si
571 2966 680 3021 tradere
691 2986 698 3031 ;
717 2966 874 3037 dispeream
887 2965 916 3019 ni

187 3052 353 3105 Submosses
366 3067 470 3105 omnes.
510 3052 576 3104 Non
589 3050 642 3104 isto
655 3048 774 3103 vivimus
787 3048 851 3117 illic,

187 3135 250 3204 Quo
261 3143 291 3188 tu
303 3150 363 3188 rere
375 3133 477 3188 modo:
496 3133 597 3187 domus
609 3133 663 3186 hac
677 3148 728 3186 nec
741 3131 835 3202 purior
847 3132 903 3186 ulla
915 3142 966 3200 est,

188 3219 248 3271 Nec
261 3217 351 3287 magis
363 3216 407 3270 his
419 3217 510 3270 aliena
521 3216 620 3270 malis:
641 3214 681 3268 nil
692 3214 732 3269 mi
744 3213 829 3268 officit
841 3231 974 3287 unquam,

188 3299 279 3353 Ditior
290 3299 345 3368 hic,
358 3307 406 3354 aut
418 3308 461 3354 est
473 3298 539 3369 quia
550 3298 659 3353 doctior
669 3317 677 3364 ;
696 3307 739 3352 est
750 3297 828 3351 locus
841 3297 900 3351 uni·

188 3382 294 3452 Cuique
306 3399 381 3438 suus
420 3383 557 3452 Magnum
568 3398 674 3448 narras,
685 3381 733 3434 vix
746 3378 895 3434 credibile!
930 3381 1015 3453 Atqui

189 3465 234 3520 Sic
247 3466 339 3520 habet
376 3465 525 3533 Accendis,
538 3481 622 3536 quare
635 3463 747 3536 cupiam
758 3463 848 3534 magis
860 3463 900 3518 illi
1013 3499 1037 3535 53

625 3581 644 3624 0
