2748 4138
339 430 398 503 258
572 443 704 486 nonant
728 443 947 488 nnsromnuu

336 574 454 641 Semper
466 571 495 624 in
508 571 638 641 augenda
649 571 763 626 festinat
776 581 803 625 et
816 571 943 626 obruitur
954 588 991 626 re.

334 655 464 709 Vendere
476 672 541 709 cum
553 656 645 725 possis
658 656 808 725 captivum,
821 655 949 709 occidere
961 655 1035 709 noli:

336 739 443 794 Serviet
455 738 574 793 utiliter:
592 739 655 796 sine
668 748 767 808 pascat
779 738 865 793 durus
878 748 992 809 aretque
1003 758 1009 803 ;

336 821 458 890 Naviget
470 838 503 875 ac
516 821 616 875 mediis
629 821 733 875 hiemet
745 831 884 876 mercator
896 821 925 874 in
937 821 1020 876 undis
1031 840 1038 886 ;

334 905 472 958 Annonae
483 905 572 974 prosit
583 924 590 970 ;
609 913 700 974 portet
713 904 852 958 frumenta
864 921 1016 975 penusque.

334 987 384 1040 Vir
395 988 485 1041 bonus
498 997 527 1041 et
539 988 650 1057 sapiens
663 987 777 1042 audebit
789 987 881 1041 dicere
894 1007 902 1052 ;
922 987 1056 1055 Pentheu,

337 1071 441 1124 Rector
453 1070 624 1138 Thebarum,
637 1069 705 1140 quid
718 1087 764 1123 me
775 1069 896 1139 perterre
908 1070 1023 1140 patique

337 1152 487 1222 Indignum
500 1154 604 1222 coges?
623 1152 756 1206 Adimam
768 1152 851 1206 bona
890 1154 1000 1222 Nempe
1013 1169 1107 1222 pecus,
1120 1169 1188 1218 rem,

336 1237 444 1303 Lectos,
457 1244 622 1304 argentum:
644 1236 725 1289 tollas
738 1235 809 1289 licet.
849 1236 889 1288 ln'
895 1236 1013 1289 manicis
1026 1245 1053 1290 et

337 1317 526 1387 Compedibus
540 1335 623 1372 saevo
636 1327 664 1372 te
677 1318 728 1372 sub
742 1317 858 1372 custode
871 1319 979 1372 tenebo.

337 1403 401 1472 Ipse
416 1404 502 1469 DeuS,
515 1401 598 1455 simul
611 1410 694 1472 atque
706 1401 808 1467 volam,
822 1417 867 1454 me
880 1401 975 1455 solvet
1015 1400 1130 1470 Opinor,

337 1487 401 1541 Hoc
414 1485 508 1552 sentit,
523 1484 636 1538 Moriar.
675 1485 755 1538 Mors
767 1483 866 1537 ultima
878 1483 953 1537 linea
965 1500 1057 1537 rerum
1070 1493 1119 1538 est.
1156 1518 1181 1554 79

579 1714 802 1769 EPISTOLA
832 1715 938 1768 XVII.

649 1861 692 1900 no
711 1859 863 1902 scnnvnm
985 1877 991 1908 ι

338 1985 492 2051 QUAMVIS,
507 1981 622 2048 Scaeva,
635 1979 703 2034 satis
716 1997 765 2049 per
777 1989 806 2034 te
817 1980 869 2034 tibi
882 1980 1013 2047 consulis,
1026 1989 1054 2034 et
1067 1981 1121 2034 scis

338 2069 401 2135 Quo
414 2066 529 2119 tandem
541 2073 625 2134 pacto
637 2064 736 2117 deceat
747 2064 901 2133 majoribus
914 2064 955 2118 uti
967 2083 973 2130 ;

337 2150 431 2216 Disce,
444 2148 587 2202 docendus
601 2147 693 2201 adhuc
706 2165 777 2218 quae
791 2157 885 2202 censet
898 2148 1034 2201 amiculus
1046 2167 1053 2213 ;
1072 2156 1102 2201 ut
1114 2149 1138 2201 si

338 2235 445 2288 Caecus
458 2233 510 2286 iter
522 2241 678 2286 monstrare
690 2231 772 2286 velit:
793 2240 888 2286 tamen
901 2231 1025 2301 adspice,
1039 2231 1062 2284 si
1075 2231 1143 2301 quid

336 2320 375 2371 Et
386 2333 447 2384 nos,
461 2316 535 2386 quod
548 2332 626 2369 cures
639 2315 783 2384 proprium
795 2314 903 2382 secisse,
915 2314 1070 2384 loquamur.

338 2400 368 2455 Si
381 2409 409 2454 te
420 2408 501 2469 grata
513 2398 592 2470 quies
605 2407 632 2452 et
644 2397 765 2467 primam
778 2414 893 2450 somnus
906 2397 935 2450 in
947 2397 1047 2450 horam

337 2484 467 2537 Delectat
479 2502 485 2548 ;
505 2483 528 2536 si
541 2491 569 2535 te
581 2480 672 2550 pulvis
686 2480 872 2551 strepitusque
884 2489 1017 2549 rotarum,

336 2567 366 2622 Si
379 2565 464 2619 laedit
476 2581 622 2634 caupona3
642 2563 823 2617 Ferentinum
836 2563 875 2617 ire
884 2563 1008 2633 jubebo:

337 2652 414 2703 Nam
426 2665 516 2718 neque
529 2647 662 2701 divitibus
675 2647 841 2715 contingunt
853 2647 957 2715 gaudia
970 2647 1035 2701 solis
1046 2666 1054 2712 ;

338 2736 399 2787 Nec
411 2731 480 2784 vixit
492 2731 573 2797 male,
587 2731 634 2799 qui
646 2738 729 2782 natus
741 2729 918 2799 moriensque
931 2729 1034 2784 fefellit.

337 2816 368 2871 Si
379 2813 513 2884 prodesse
525 2813 588 2880 tuis,
601 2813 749 2883 paulloque
761 2812 909 2881 benignius
922 2812 1014 2881 ipsum

336 2902 377 2953 Te
390 2907 510 2952 tractare
522 2896 607 2963 voles,
620 2894 738 2949 accedes
751 2895 842 2948 siccus
855 2895 892 2948 ad
904 2904 1027 2950 unctum.

337 2984 368 3038 Si
380 2980 529 3053 pranderet
543 2980 603 3033 olus
616 2979 761 3048 patienter,
774 2979 886 3048 regibus
899 2980 940 3034 uti

337 3067 433 3130 Nollet
444 3063 612 3133 Aristippus.
653 3062 684 3118 Si
697 3061 780 3116 sciret
792 3062 905 3132 regibus
919 3063 967 3130 uti,

336 3147 487 3204 Fastidiret
500 3147 569 3213 olus,
583 3145 630 3216 qui
643 3161 688 3199 me
700 3153 787 3198 notat.
829 3145 926 3199 Utrius
938 3146 1039 3199 horum

334 3233 429 3288 Verba
441 3231 542 3300 probes
555 3237 583 3282 et
595 3228 678 3297 facta,
691 3227 762 3282 doce
774 3247 781 3293 ;
799 3229 844 3282 vel
853 3228 947 3297 junior
960 3229 1034 3296 audi,

336 3318 393 3371 Cur
405 3315 441 3368 sit
453 3313 590 3382 Aristippi
602 3312 695 3382 potior
707 3312 845 3365 sententia
856 3331 863 3377 ;
881 3322 1004 3382 namque

336 3397 501 3452 Mordacem
516 3395 653 3464 Cynicum
666 3395 706 3448 sic
719 3394 859 3462 eludebat,
872 3404 902 3448 ut
915 3395 1010 3448 aiunt:

336 3485 452 3539 Scurror
464 3494 516 3547 ego
529 3478 589 3547 ipse
601 3477 680 3546 mihi,
691 3478 795 3548 populo
810 3486 840 3532 tu
854 3497 861 3542 ;
880 3477 982 3531 rectius
995 3478 1049 3544 hoc
1062 3487 1089 3530 et
