2804 4176
312 429 372 488 174
561 426 693 472 uonnun
717 427 898 472 summum

317 557 439 628 Quidam
452 555 500 624 ait,
513 556 625 626 ignoras
638 558 684 611 te?
704 574 740 610 an
753 566 783 612 ut
796 557 923 626 ignotum
935 555 1002 610 dare
1014 556 1096 610 nobis

315 641 410 694 Verba
421 641 525 710 putas?
564 642 684 709 Egomet
696 640 735 694 mi
748 640 872 709 ignosco,
886 639 1016 694 Maenius
1029 639 1125 710 inquit.

316 725 423 778 Stultus
436 733 463 777 et
476 723 619 792 improbus
632 723 678 777 hic
691 740 771 777 amor
783 732 835 791 est,
848 724 1004 793 dignusque
1017 722 1115 778 notari.

316 808 387 860 Cum
400 815 448 860 tua
460 806 605 875 pervideas
618 807 705 860 oculis
718 807 793 860 mala
804 805 897 876 lippus
910 805 1041 873 inunctiS,

316 891 372 943 Cur
385 889 413 942 in
426 889 581 943 amicorum
593 889 669 943 vitiis
681 897 741 942 tam
754 889 845 942 cernis
858 898 979 956 acutum,

315 973 407 1042 Quam
420 980 467 1025 aut
480 972 574 1042 aquila
586 983 634 1026 aut
648 988 762 1041 serpens
776 972 964 1041 Epidaurius?
1001 973 1039 1026 At
1052 970 1103 1025 tibi
1117 980 1213 1024 contra

315 1054 426 1122 Evenit,
439 1055 581 1125 inquirant
592 1055 661 1108 vitia
673 1064 704 1108 ut
717 1064 765 1108 tua
777 1072 871 1108 rursus
884 1064 912 1109 et
925 1055 972 1110 illi.

316 1139 479 1193 Iracundior
492 1148 534 1192 est
546 1139 650 1209 paullo,
663 1139 756 1192 minus
770 1148 852 1208 aptus
865 1139 955 1192 acutis

316 1222 440 1276 Naribus
454 1223 554 1276 horum
566 1222 730 1276 hominum?
749 1221 832 1275 rideri
845 1221 943 1291 possit,
956 1238 989 1275 eo
1003 1220 1078 1292 quod

315 1305 457 1359 Rusticius
469 1315 551 1359 tonso
565 1315 632 1374 toga
644 1304 748 1372 defluit,
761 1314 789 1358 et
801 1306 875 1358 male
887 1305 966 1358 laxus

315 1390 349 1442 ln
362 1389 433 1458 pede
446 1390 555 1442 calceus
568 1389 671 1441 haeret.
708 1388 746 1441 At
759 1395 801 1441 est
813 1388 913 1454 bonus,
926 1395 956 1440 ut
968 1387 1066 1441 melior
1078 1387 1121 1441 vir

316 1473 382 1526 Non
396 1472 466 1525 alius
480 1471 628 1541 quisquam
640 1490 647 1535 ;
666 1479 696 1523 at
708 1470 760 1523 tibi
773 1470 880 1524 amicus
891 1489 898 1534 ;
917 1479 947 1523 at
960 1470 1103 1539 ingenium
1116 1471 1214 1540 ingens

315 1555 424 1608 Inculto
436 1555 505 1607 latet
517 1553 570 1606 hoc
585 1554 637 1606 sub
650 1569 773 1621 corpore.
814 1552 943 1621 Denique
955 1560 983 1606 te
996 1553 1088 1622 ipsum

316 1637 449 1704 Concute,
461 1653 530 1690 num
543 1653 599 1706 qua
611 1635 663 1689 tibi
675 1635 806 1688 vitiorum
820 1635 949 1688 inseverit
963 1635 1029 1688 olim

317 1721 436 1787 Natura,
449 1728 498 1772 aut
510 1718 596 1772 etiam
609 1718 782 1772 consuetudo
795 1719 871 1770 mala
882 1737 889 1782 ;
908 1734 1029 1788 namque

315 1801 460 1870 Neglectis
474 1800 581 1854 urenda
593 1799 650 1853 filix
659 1799 814 1854 innascitur
826 1799 909 1868 agris.

314 1885 385 1950 ¹Illuc
398 1891 614 1953 praevertamur,
628 1892 782 1936 amatorem
795 1883 870 1953 quod
883 1882 990 1958 amicae

313 1967 421 2034 Turpia
432 1963 576 2034 decipiunt
590 1981 705 2018 caecum
717 1965 793 2032 vitia,
806 1975 854 2019 aut
866 1964 951 2018 etiam
964 1965 1026 2034 ipsa
1037 1964 1106 2020 haec

315 2050 474 2115 Delectant,
486 2047 573 2101 veluti
587 2047 737 2101 Balbinum
750 2049 868 2117 polypus
883 2049 1010 2117 Hagnae.

313 2133 423 2186 Vellem
436 2130 465 2184 in
479 2129 604 2183 amicitia
616 2129 655 2183 sic
670 2147 835 2197 erraremuS,
848 2139 876 2183 et
889 2131 935 2184 isti

314 2214 409 2268 Errori
422 2230 525 2268 nomen
537 2212 625 2266 virtus
638 2213 777 2282 posuisset
789 2215 946 2267 honestum.

313 2299 352 2352 At
364 2307 444 2367 pater
456 2305 487 2352 ut
498 2297 585 2365 gnati,
598 2296 638 2349 sic
651 2312 703 2349 nos
716 2297 860 2364 debemus,
873 2296 957 2349 amici

316 2381 346 2436 Si
359 2381 435 2452 quod
450 2379 485 2433 sit
498 2379 606 2447 vitium,
619 2396 676 2433 non
689 2379 814 2433 fastidire
827 2400 833 2434 :
855 2380 1016 2434 strabonem

316 2463 449 2533 Appellat
461 2471 575 2531 paetum
588 2471 675 2531 pater,
689 2471 716 2515 et
728 2463 844 2532 pullum,
856 2463 930 2516 male
942 2479 1043 2532 parvus

315 2546 346 2601 Si
359 2546 403 2601 cui
416 2544 489 2598 filius
502 2553 553 2612 est,
566 2554 596 2598 ut
609 2545 753 2599 abortivus
766 2544 818 2598 fuit
830 2545 897 2598 olim

316 2628 453 2698 Sisyphus
466 2646 474 2692 ;
492 2627 567 2681 hunc
580 2644 687 2694 varum,
700 2627 826 2681 distortis
839 2627 984 2693 cruribus3
1003 2627 1080 2682 illum

315 2710 441 2766 Balbutit
454 2726 592 2776 scaurum,
604 2709 700 2779 pravis
712 2709 813 2763 fultum
826 2710 899 2763 male
912 2710 983 2764 talis,

316 2793 430 2848 Parcius
443 2792 490 2846 hic
502 2792 587 2846 vivit:
609 2791 680 2860 frugi
693 2791 809 2846 dicatur.
848 2793 963 2862 Ineptus

315 2879 353 2931 Et
363 2875 515 2946 jactantior
526 2875 571 2928 hic
584 2875 678 2944 paullo
691 2884 751 2929 est:
772 2876 926 2930 concinnus
940 2876 1037 2930 amicis

315 2959 442 3014 Postulat
454 2967 485 3012 ut
496 2956 631 3011 videatur.
668 2958 707 3010 At
720 2967 763 3011 est
776 2958 964 3025 truculentior,
977 2969 1061 3029 atque

316 3043 382 3096 Plus
395 3058 484 3111 aequo
497 3041 583 3094 liber:
604 3039 722 3109 simplex
734 3040 868 3112 sortisque
880 3040 1034 3095 habeatur:

316 3124 429 3179 Caldior
442 3133 500 3177 est:
521 3140 599 3177 acres
612 3123 685 3176 inter
696 3133 862 3178 numeretur.
901 3124 1017 3193 Opinor,

317 3210 397 3262 Haec
410 3223 455 3260 res
468 3216 495 3260 et
505 3206 606 3276 jungit,
616 3206 729 3275 junctos
742 3216 770 3260 et
783 3216 875 3261 servat
888 3207 1001 3262 amicos.

314 3293 353 3344 At
365 3306 417 3343 nos
429 3289 545 3342 virtutes
558 3291 634 3358 ipsas
647 3288 818 3357 invertimus,
831 3298 915 3360 atque

316 3374 462 3428 Sincerum
475 3371 602 3440 cupimus
615 3388 665 3424 vas
679 3371 839 3426 incrustare.
878 3372 985 3427 Probus
998 3373 1059 3443 quis

317 3455 475 3510 Nobiscum
487 3453 574 3518 vivit;
592 3454 712 3509 multum
724 3453 862 3510 demissus
874 3454 959 3508 homo
971 3473 977 3520 ;
997 3455 1036 3508 illi
1160 3491 1183 3528 57
