2792 4168
465 416 558 458 LIBER
580 415 618 458 1v.
664 416 795 460 CARMEN
819 416 845 460 V.
1023 417 1078 476 125

303 544 489 599 Cunctantem
503 544 594 613 spatio
608 545 718 615 longius
731 563 825 601 annuo

374 627 458 682 Dulci
470 629 585 682 distinet
599 646 616 682 a
628 629 722 697 domo,

302 772 383 827 Votis
395 773 589 844 ominibusque
602 783 630 828 et
641 774 770 843 precibus
783 786 873 844 vocat,

303 855 395 909 Curvo
407 873 459 910 nec
472 856 572 910 faciem
584 856 664 910 litore
677 857 817 912 dimovet:

303 938 349 992 Sic
362 939 507 993 desideriis
521 939 577 993 icta
588 939 717 993 fidelibus

374 1023 489 1091 Quaerit
501 1022 592 1092 patria
605 1023 762 1077 Caesarem.

302 1168 392 1223 Tutus
404 1169 456 1222 bos
469 1168 574 1222 etenim
586 1185 650 1222 rura
661 1168 837 1237 perambulat
848 1187 855 1233 ;

305 1251 400 1305 Nutrit
413 1268 477 1304 rura
489 1251 574 1305 Ceres
586 1252 716 1322 almaque
729 1250 871 1304 Faustitas
882 1270 889 1316 ;

306 1336 441 1388 Pacatum
452 1334 571 1388 volitant
583 1351 633 1403 per
645 1350 722 1387 mare
735 1333 846 1387 navitae
857 1353 864 1398 3

374 1416 487 1486 Culpari
500 1417 598 1471 metuit
612 1416 696 1470 Fides
707 1435 715 1482 ;

306 1565 397 1620 Nullis
410 1565 542 1636 polluitur
555 1576 634 1620 casta
646 1565 747 1619 domus
761 1564 863 1634 stupris
875 1585 882 1630 ;

304 1649 369 1703 Mos
381 1658 408 1702 et
420 1650 464 1702 lex
476 1650 651 1702 maculosum
664 1648 788 1703 edomuit
800 1648 879 1702 nefas
890 1668 897 1713 3

253 1741 257 1752 '
305 1731 466 1785 Laudamur
478 1731 561 1785 simili
574 1733 651 1802 prole
664 1747 816 1800 puerperae
829 1750 836 1796 ;

374 1815 492 1884 Culpam
505 1832 597 1884 poena
608 1814 709 1884 premit
722 1831 824 1868 comes.

305 1959 374 2028 Quis
388 1961 522 2014 Parthum
534 1961 653 2030 paveat?
672 1960 734 2031 quis
746 1959 870 2029 gelidum
884 1960 1024 2030 Scythen?

305 2043 383 2111 Quis
398 2043 550 2096 Germania
562 2061 631 2113 quos
644 2043 758 2096 horrida
769 2041 887 2112 parturit

304 2126 389 2178 Fetus
402 2124 534 2178 incolumi
549 2126 687 2179 Caesare?
706 2125 769 2196 quis
781 2125 855 2180 ferae

374 2206 484 2259 Bellum
496 2217 573 2261 curet
587 2208 740 2261 Hiberiae?

305 2355 407 2410 Condit
419 2356 535 2426 quisque
548 2355 623 2409 diem
635 2355 752 2409 collibus
766 2355 794 2408 in
807 2355 873 2422 suis,

304 2441 342 2492 Et
354 2439 442 2494 vitem
453 2438 552 2492 viduas
565 2438 642 2492 ducit
655 2438 692 2491 ad
705 2438 818 2492 arbores
830 2458 838 2503 ;

305 2522 381 2576 Hinc
394 2521 430 2575 ad
443 2521 509 2575 vina
520 2521 592 2574 redit
604 2521 702 2588 laetuS,
715 2530 742 2574 et
755 2520 849 2574 alteris

373 2607 415 2660 Te
428 2604 532 2658 mensis
546 2604 661 2658 adhibet
674 2603 776 2656 deum:

304 2752 346 2805 Te
358 2753 446 2805 multa
458 2767 548 2820 prece,
561 2760 589 2804 te
601 2748 776 2819 prosequitur
788 2765 865 2803 mero

306 2833 411 2888 Defuso
423 2834 535 2903 pateris,
549 2842 576 2887 et
593 2833 709 2887 Laribus
722 2841 802 2886 tuum

305 2917 407 2972 Miscet
419 2933 530 2983 numen,
543 2916 583 2970 uti
598 2915 717 2969 Graecia
730 2914 854 2969 Castoris

375 3002 412 3054 Et
424 2999 521 3068 magni
532 3015 639 3052 memor
652 2998 790 3052 Herculis.

305 3149 416 3217 Longas
429 3163 446 3201 o
458 3145 574 3214 utinam,
587 3146 643 3199 dux
655 3144 737 3212 bone,
750 3144 832 3198 ferias

305 3233 432 3285 Praestes
446 3229 600 3299 Hesperiae
614 3231 620 3282 l
639 3227 757 3281 dicimus
770 3227 879 3298 integro

305 3313 378 3368 Sicci
391 3329 474 3366 mane
486 3311 539 3379 die,
553 3311 672 3365 dicimus
685 3309 770 3378 uvidi,

374 3398 446 3451 Cum
460 3395 507 3450 Sol
521 3396 634 3449 Oceano
648 3393 750 3448 subest.
