2804 4176
454 447 547 491 LIBER
571 447 589 490 l.
636 447 789 491 EPISTOLA'
805 448 844 490 VI.
1011 449 1068 506 243

247 577 277 632 si
290 578 363 632 latus
376 586 424 631 aut
436 594 516 631 renes
529 578 628 631 morbo
638 566 784 631 'tentantur
795 586 886 640 acuto,

247 661 356 729 Quaere
368 661 463 730 fugam
475 660 573 714 morbi.
611 659 661 714 Vis
674 651 749 714 recte
760 661 873 714 vivere?
892 659 954 731 quis
966 661 1044 714 non?

245 744 276 798 Si
289 744 376 798 virtus
388 745 447 798 hoc*
455 761 511 797 una
523 752 615 813 potest
628 743 702 804 dare,
718 743 797 798 fortis
810 745 922 798 omissis

247 827 311 880 Hoc
321 844 375 896 age
387 827 503 880 deliciis.
541 827 681 880 Virtutem
693 827 780 880 verba
791 835 882 896 putas,
896 835 924 880 et

246 910 352 963 Lucum
364 908 461 978 ligna?
480 925 548 963 cave
560 919 596 963 ne
608 918 704 978 portus
718 918 834 978 occupet
847 909 933 962 alter:

245 993 291 1045 Ne
304 991 472 1060 Cibyratica,
485 1009 521 1046 ne
534 992 657 1061 Bithyna
669 992 782 1061 negotia
793 992 904 1062 perdas.

245 1073 325 1128 Mille
337 1075 443 1129 talenta
454 1075 646 1142 rotundentur‚
661 1075 779 1129 totidem
791 1075 887 1142 altera,
900 1091 983 1144 porro
998 1085 1025 1128 et

245 1156 341 1210 Tertia
353 1157 514 1226 succedant,
527 1167 555 1212 et
567 1174 640 1227 quae
652 1174 718 1226 pars
731 1157 850 1227 quadrat
863 1174 1003 1212 acervum.

246 1239 359 1294 Scilicet
371 1245 486 1294 uxorerr'r
499 1258 563 1294 curn
576 1240 650 1307 dote,
663 1239 812 1310 fidemque,
825 1249 853 1295 et
866 1240 981 1306 amicos,

245 1323 283 1376 Et
295 1339 392 1391 genus,
405 1332 433 1377 et
446 1323 565 1377 sormam
577 1323 674 1392 regina
688 1323 811 1377 Pecunia
823 1323 909 1376 donat
922 1341 928 1376 ε

243 1406 286 1459 Ac
298 1406 370 1459 bene
383 1416 559 1460 nummatum
571 1407 685 1461 decorat
696 1406 825 1474 Suadela,
838 1408 996 1475 Venusque.

246 1489 397 1559 Mancipiis
410 1490 534 1559 locuples
547 1500 610 1560 eget
623 1491 695 1544 aeris
709 1489 910 1559 Cappadocum
922 1506 986 1542 rex:

245 1573 290 1626 Ne
303 1572 386 1626 fueris
398 1573 444 1628 hie
457 1583 494 1628 tu.
535 1573 704 1642 Chlamydes
718 1573 857 1639 Lucullus,
870 1581 899 1626 at
911 1572 997 1638 aiunt,

246 1654 276 1708 Si
289 1665 385 1725 posset
397 1666 510 1710 centum
523 1674 624 1711 scenae
636 1657 769 1726 praebere
781 1665 903 1724 rogatus,

246 1738 301 1808 Qui
314 1756 430 1809 possum
442 1741 505 1794 tot?
523 1740 563 1794 ait
574 1749 695 1794 atamen
705 1748 732 1793 et
743 1755 884 1809 quaeram,
894 1747 922 1793 et
932 1747 999 1808 quot
1013 1739 1123 1793 habebo

246 1821 377 1876 Mittam:
398 1832 462 1892 post
475 1824 569 1892 paullo
581 1823 686 1890 scribit,
699 1822 753 1876 sibi
766 1821 854 1875 millia
867 1821 988 1893 quinque

246 1905 318 1959 Esse
331 1905 409 1959 domi
421 1907 602 1975 chlamydum
613 1926 620 1971 ;
639 1915 756 1975 partem,
768 1906 813 1959 vel
825 1906 934 1960 tolleret
946 1923 1051 1960 omnes,

247 1989 335 2042 Exilis
348 1989 448 2043 domus
462 1999 512 2057 est,
525 1990 573 2043 ubi
585 2007 642 2043 non
655 1999 682 2043 et
694 1991 783 2043 multa
795 1999 951 2060 supersunt,

247 2072 285 2124 Et
298 2071 444 2124 dominum
456 2072 564 2139 fallunt,
578 2081 605 2126 et
617 2081 733 2141 prosunt
746 2071 859 2126 iuribus.
900 2074 976 2142 Ergo

247 2154 277 2208 Si
290 2171 335 2207 res
348 2154 408 2207 sola
419 2163 513 2224 potest
525 2155 615 2208 facere
628 2165 656 2210 et
668 2172 778 2209 servare
790 2157 912 2224 beatum,

248 2238 312 2290 Hoc
325 2237 431 2306 primus
443 2247 553 2306 repetas
566 2254 644 2307 opus,
659 2239 713 2291 hoc
725 2247 883 2307 postremus
896 2239 1017 2293 omittas.

247 2320 278 2374 Si
290 2319 463 2374 fortunatum
475 2320 583 2390 species
596 2329 624 2374 et
636 2321 727 2389 gratia
738 2331 870 2390 praestat,

247 2403 405 2456 Mercemur
418 2419 537 2470 servum,
550 2403 597 2474 qui
610 2403 696 2457 dictet
708 2404 830 2471 nomina,
844 2405 954 2457 laevum

248 2486 303 2555 Qui
316 2484 420 2539 fodicet
432 2487 513 2553 latus,
526 2495 554 2539 et
566 2496 649 2555 cogat
661 2495 738 2540 trans
751 2486 876 2555 pondera
887 2486 1014 2541 dextram

249 2568 409 2638 Porrigere:
426 2569 482 2622 Hic
496 2570 615 2623 multum
628 2569 657 2622 in
671 2569 760 2623 Fabia
772 2571 854 2636 valet,
867 2570 913 2623 ille
925 2571 1026 2624 Velina
1037 2591 1043 2635 ;
1113 2600 1118 2623 .-

247 2653 299 2707 Cui
311 2652 380 2706 libet
393 2652 439 2706 hic
452 2651 542 2706 fasces
555 2652 642 2720 dabit,
655 2652 807 2722 eripietque
820 2653 913 2707 cmule

248 2735 299 2791 Cui
312 2736 386 2789 volet
399 2735 573 2805 importunus
587 2727 656 2790 ebur
668 2755 674 2802 ς
696 2737 802 2803 Frater,
816 2737 906 2803 Pater,
919 2736 992 2790 adde
1003 2757 1010 2800 ;

247 2820 289 2872 Ut
301 2819 402 2889 'cuique
415 2828 458 2873 est
470 2828 556 2886 aetas,
569 2819 609 2872 ita
622 2836 759 2890 quemque
772 2819 878 2873 facetus
891 2819 1004 2890 adopta.

247 2903 286 2970 Si,
299 2903 371 2958 bene
384 2902 432 2973 qui
445 2911 552 2970 coenat,
564 2903 638 2956 bene
650 2903 736 2968 vivit;
755 2903 837 2969 lucet,
850 2919 947 2957 eamus

248 2987 311 3056 Quo
323 2985 400 3040 ducit
412 2986 494 3055 gula:
514 2985 663 3054 piscemur,
675 3002 826 3051 venemur,
845 2995 875 3040 ut
888 2987 956 3040 olim

248 3069 397 3139 Gargilius,
410 3069 457 3139 qui
470 3085 553 3123 mane
565 3069 672 3139 plagaS,
685 3070 831 3136 venabula,
844 3086 947 3136 servos,

246 3152 396 3207 Differtum
409 3153 526 3206 transire
538 3152 629 3206 sorum
641 3153 830 3222 populumque
838 3152 964 3222 jubebat,

248 3236 329 3290 Unus
342 3244 373 3289 ut
385 3251 400 3288 e
412 3233 507 3288 multis
519 3236 622 3304 populo
635 3245 780 3305 spectante
792 3235 905 3290 referret

246 3321 382 3389 Emptum
394 3319 486 3372 mulus
499 3335 605 3389 aprum.
643 3318 729 3373 Crudi
742 3319 897 3389 tumidique
909 3319 1041 3388 lavemur,

247 3402 322 3471 Quid
335 3403 441 3469 deceat,
454 3401 522 3472 quid
533 3419 599 3470 non,
612 3402 690 3457 obliti
702 3422 709 3467 ;
729 3402 839 3457 Caerite
851 3418 916 3456 cera

246 3485 332 3555 Digni
344 3505 351 3552 3
370 3486 519 3556 remigium
530 3485 664 3541 vitiosum
678 3486 835 3542 Ithacensis
849 3487 952 3555 Ulixei,
1055 3510 1081 3558 ⁶3
