2804 4176
338 477 398 530 244
573 472 705 514 uonnrn
729 471 948 515 uprsrounuuu

373 603 425 658 Cui
437 601 530 673 potior
542 602 634 672 patria
646 601 697 657 suit
711 601 861 656 interdicta
872 601 1010 670 voluptas.

372 689 411 754 Si,
426 688 612 742 Mimnermus
626 687 666 742 uti
680 696 784 754 censet,
798 686 858 740 sine
871 703 966 740 amore
974 685 1102 756 iocisque

371 772 420 825 Nil
432 780 475 825 est
484 771 648 840 jucundum,
661 767 739 824 vivas
752 770 781 823 in
795 787 891 824 amore
900 770 1035 840 jocisque.

369 856 447 922 Vive,
460 855 538 909 vale:
559 855 583 908 si
595 854 663 925 quid
675 854 778 908 novisti
792 854 893 908 rectius
907 853 977 920 istis,

371 939 515 994 Candidus
528 937 639 1007 imperti
651 957 659 1003 3
678 937 702 990 si
715 953 781 1004 non,
793 937 838 990 his
851 945 928 991 utere
941 952 1059 990 mecum.
1165 957 1188 995 sa

591 1185 815 1240 EPISTOLA
843 1186 921 1238 VII.

612 1320 655 1362 no
674 1318 901 1360 Mnucuunruu.

370 1431 519 1500 QUINQUE
532 1430 592 1484 dies
605 1429 657 1483 tibi
669 1427 810 1497 pollicitus
822 1443 867 1480 me
880 1443 942 1481 rure
955 1426 1086 1492 futurum,

369 1514 502 1568 Sextilem
515 1523 605 1567 totum
617 1512 738 1566 mendax
751 1511 901 1565 desideror.
937 1508 1024 1578 Atqui

370 1597 400 1650 Si
413 1613 458 1650 me
470 1596 563 1650 vivere
574 1595 625 1663 vis,
639 1612 739 1648 sanum
752 1602 881 1663 recteque
893 1593 1041 1658 valentem,

370 1682 462 1749 Quam
475 1680 544 1733 mihi
557 1679 608 1732 das
621 1695 713 1747 aegro,
726 1677 807 1731 dabis
820 1685 964 1746 aegrotare
977 1675 1095 1743 timenti,

369 1765 529 1830 MaecenaS,
542 1763 653 1816 veniam
665 1781 671 1826 ;
691 1762 758 1815 dum
771 1761 839 1814 ficus
852 1761 943 1830 prima
955 1761 1086 1829 calorque

369 1847 585 1915 Designatorem
598 1844 712 1898 decorat
725 1844 868 1898 lictoribus
881 1843 949 1896 atris
960 1862 967 1907 ;

369 1932 446 1982 Dum
458 1929 551 1997 pueris
565 1927 655 1981 omnis
667 1936 747 1997 pater
759 1937 786 1981 et
799 1927 952 2000 matercula
963 1926 1049 1995 pallet
1061 1945 1068 1989 ;

369 2011 557 2080 Officiosaque
570 2010 712 2077 sedulitate,
725 2019 753 2063 et
766 2011 857 2079 opella
869 2009 987 2064 forensis

368 2094 491 2148 Adducit
503 2093 602 2160 sebreS,
616 2104 643 2147 et
655 2102 825 2146 testamenta
836 2092 966 2160 resignat.

369 2176 476 2246 Quodsi
489 2178 590 2230 bruma
602 2177 680 2230 nives
692 2175 809 2230 Albanis
823 2176 911 2229 illinet
924 2175 1007 2244 agris,

368 2259 413 2314 Ad
426 2277 503 2313 mare
516 2259 667 2314 descendet
679 2269 758 2312 vates
771 2268 843 2326 tuus,
856 2268 884 2312 et
897 2259 950 2312 sibi
963 2268 1066 2327 parcet,

368 2345 590 2414 Contractusque
602 2344 675 2412 leget
687 2362 694 2407 ;
712 2352 748 2410 te,
761 2342 850 2396 dulcis
863 2342 961 2409 amice,
974 2341 1075 2395 reviset

369 2428 441 2480 Cum
453 2426 593 2495 Zephyris,
607 2427 630 2479 si
643 2426 789 2492 concedes,
802 2434 829 2478 et
842 2425 990 2479 hirundine
1002 2425 1100 2494 prima.

370 2511 444 2576 Non,
457 2525 512 2578 quo
525 2526 602 2563 more
614 2509 681 2578 piris
694 2509 769 2563 vesci
784 2509 902 2562 Calaber
911 2508 991 2577 jubet
1003 2509 1115 2576 hospeS,

367 2594 410 2645 Tu
423 2607 469 2645 me
480 2592 570 2645 fecisti
583 2592 758 2661 locupletem,
793 2593 913 2645 Vescere
926 2590 1016 2644 sodes.

366 2677 429 2744 Jam
443 2675 510 2728 satis
524 2685 573 2729 est.
610 2677 648 2729 At
660 2685 690 2729 tu
703 2684 839 2745 quantum
851 2675 893 2728 vis
906 2675 979 2728 tolle.
1017 2674 1150 2743 Benigne.

369 2760 435 2812 Non
447 2759 537 2811 invisa
549 2759 619 2812 feres
632 2759 724 2828 pueris
737 2760 902 2814 munuscula
913 2761 1014 2829 parvis.
1089 2801 1090 2806 ,

366 2843 438 2894 Tam
452 2851 547 2895 teneor
559 2841 634 2896 dono
647 2843 767 2913 quamsi
780 2842 905 2896 dimittar
917 2853 1040 2898 onustus.
1084 2895 1086 2900 .

368 2925 408 2978 Ut
421 2924 505 2978 libet:
526 2925 596 2979 haec
609 2926 701 2995 porcis
714 2926 798 2980 hodie
810 2926 984 2984 comedenda
996 2927 1142 2997 relinques,

367 3007 504 3076 Prodigus
517 3017 544 3063 et
557 3010 657 3063 stultus
670 3010 757 3064 donat
769 3027 840 3080 quae
854 3011 959 3079 spernit
972 3020 999 3064 et
1012 3010 1071 3064 odit
1082 3029 1089 3074 ;

367 3093 446 3144 Haec
460 3108 539 3160 seges
553 3092 676 3161 ingratos
689 3093 759 3160 tulit,
773 3103 800 3146 et
812 3093 881 3146 seret
893 3093 1024 3147 omnibus
1036 3093 1125 3146 annis.

365 3179 415 3232 Vir
428 3179 519 3232 bonus
532 3189 559 3233 et
572 3179 683 3248 sapiens
696 3180 790 3248 dignis
802 3181 842 3233 ait
855 3195 916 3234 esse
929 3189 1043 3249 paratus
1055 3199 1062 3244 ;

368 3265 428 3316 Nec
442 3271 536 3316 tamen
549 3262 659 3331 ignorat
671 3263 738 3333 quid
752 3264 856 3317 distent
868 3280 934 3317 aera
946 3264 1048 3332 lupinis
1060 3281 1065 3316 :

366 3345 491 3412 Dignum
504 3345 652 3414 praestabo
664 3363 710 3399 rne
723 3346 808 3399 etiam
820 3363 871 3414 pro
883 3346 966 3399 laude
978 3345 1117 3400 merentis.

365 3427 473 3496 Quodsi
485 3445 531 3481 me
543 3429 621 3480 noles
634 3445 753 3497 usquam
765 3429 916 3496 discedere,
929 3429 1030 3483 reddes

366 3513 448 3564 Forte
457 3511 543 3578 latus,
556 3511 651 3579 nigros
664 3522 783 3580 augusta
794 3512 1032 3583 frontecapillos;
1163 3540 1187 3577 26
