2804 4176
451 441 544 483 LIBER
566 442 598 482 11.
644 439 755 483 SATIRA
776 440 827 482 VII.
1004 440 1059 497 227

221 571 263 624 Te
276 569 377 640 conjux
390 569 481 623 aliena
493 568 576 639 capit,
588 569 765 622 meretricula
778 570 891 622 Davum
903 587 910 634 ;

221 654 324 707 Peccat
335 662 397 707 uter
408 662 535 707 nostrum
547 668 627 706 cruce
640 651 771 720 dignius?
807 652 888 706 Acris
900 651 948 706 ubi
961 669 1006 705 me

223 738 333 790 Natura
345 736 473 804 intendit,
486 737 539 790 sub
551 738 627 791 clara
638 735 714 790 nuda
726 737 840 790 lucerna

223 821 412 890 Quaecunque
425 819 533 890 excepit
546 819 681 890 turgentis
693 820 811 874 verbera
823 819 937 886 caudae,

223 903 358 957 Clunibus
370 913 418 957 aut
431 903 547 972 agitavit
559 919 662 973 equum
673 903 779 957 lasciva
790 902 929 972 supinum,

224 988 348 1044 Dimittit
359 1007 450 1060 neque
462 990 601 1045 famosum
613 1006 704 1060 neque
716 989 872 1056 sollicitum,
882 1006 921 1048 ne

223 1072 317 1125 Ditior
329 1081 377 1126 aut
389 1071 495 1126 formae
506 1073 629 1127 melioris
641 1073 727 1126 meiat
740 1072 846 1126 eodem.

222 1156 274 1221 Tu,
287 1171 352 1208 cum
364 1155 495 1225 projectis
508 1156 673 1226 insignibus,
686 1157 790 1210 annulo
802 1155 922 1225 equestri

223 1239 408 1308 Romanoque
419 1239 526 1307 habitu,
539 1239 634 1309 prodis
648 1256 681 1293 ex
690 1240 785 1309 judice
799 1241 894 1292 Dama

223 1321 334 1390 Turpis,
347 1321 494 1376 odoratum
506 1333 590 1392 caput
602 1323 769 1377 obscurante
781 1323 894 1376 lacerna
906 1340 912 1374 ε

224 1406 291 1458 Non
304 1421 334 1459 es
347 1405 423 1475 quod
435 1405 570 1460 simulas?
607 1408 738 1461 Metuens
751 1405 899 1472 induceris,
912 1413 995 1474 atque

222 1488 383 1543 Altercante
395 1489 558 1544 libidinibus
571 1489 667 1543 tremis
680 1506 745 1543 ossa
757 1505 869 1559 pavore.

224 1571 300 1640 Quid
312 1572 403 1639 refert,
415 1572 466 1639 uri,
479 1572 565 1642 virgis
578 1571 705 1642 ferroque
717 1572 812 1626 necari

222 1657 391 1709 Auctoratus
403 1671 452 1709 eas
463 1674 470 1720 ;
489 1672 526 1709 an
539 1657 612 1725 turpi
625 1656 735 1710 clausus
748 1655 777 1708 in
790 1670 864 1721 arca,

224 1740 287 1808 Quo
299 1747 327 1793 te
339 1739 451 1793 demisit
463 1740 572 1809 peccati
585 1739 699 1793 conscia
710 1739 813 1805 herilis,

225 1823 407 1876 Contractum
420 1822 537 1891 genibus
550 1831 650 1891 tangas
664 1821 767 1892 caput?
806 1823 894 1874 Estne
906 1820 1007 1874 marito

224 1906 372 1959 Matronae
385 1905 527 1974 peccantis
540 1904 570 1958 in
582 1906 667 1959 ambo
676 1905 754 1974 justa
765 1904 909 1974 potestas?

225 1989 259 2040 ln
272 1998 462 2058 corruptorem
474 1989 518 2042 vel
527 1989 637 2057 justior.
676 1989 728 2042 Illa
741 1998 836 2042 tamen
849 2005 879 2041 se

226 2071 292 2125 Non
304 2070 403 2124 habitu
415 2080 540 2125 mutatve
552 2073 623 2140 loc0,
635 2080 769 2142 peccatve
782 2089 909 2142 superne,

227 2153 299 2207 Cum
311 2162 339 2206 te
351 2152 481 2208 formidet
493 2155 600 2222 mulier,
613 2171 704 2224 neque
717 2156 814 2209 credat
826 2156 933 2208 amanti
946 2174 951 2208 :

227 2235 286 2289 Ibis
299 2236 351 2290 sub
364 2235 471 2290 furcam
483 2237 613 2306 prudens,
627 2237 797 2307 dominoque
809 2237 909 2293 furenti

229 2319 395 2373 committes
407 2335 467 2372 rem
480 2336 600 2387 omnem,
613 2331 641 2374 et
653 2321 749 2388 vitam,
763 2330 790 2375 et
803 2339 867 2376 cum
879 2337 993 2391 corpore
1006 2319 1019 2373 s
1113 2358 1119 2372 .

225 2401 340 2455 Evasti:
360 2411 475 2469 metues,
488 2402 580 2469 credo,
593 2402 747 2473 doctusque
760 2405 873 2458 cavebis
885 2424 892 2469 ;

226 2486 349 2554 Quaeres
363 2484 476 2554 quando
488 2485 588 2539 iterum
599 2502 712 2554 paveas,
726 2487 880 2556 iterumque
892 2487 981 2556 perire

226 2568 330 2635 Possis,
343 2584 360 2622 o
373 2568 456 2622 toties
469 2585 564 2622 servus
578 2572 584 2623 !
622 2570 702 2638 Quae
714 2570 807 2625 bellua
819 2569 915 2639 ruptis,

226 2652 298 2705 Cum
311 2652 397 2704 semel
410 2651 514 2721 effugit,
527 2651 619 2706 reddit
631 2669 661 2706 se
673 2669 760 2722 prava
772 2652 898 2706 catenis?

228 2736 294 2788 Non
307 2751 370 2787 sum
382 2734 525 2802 moechus,
538 2734 580 2789 ais
593 2756 599 2790 ι
619 2752 710 2805 neque
723 2753 783 2805 ego,
797 2735 917 2803 hercule,
930 2736 981 2803 fur,
994 2736 1041 2790 ubi
1054 2752 1121 2788 vasa

226 2818 374 2872 Praetereo
388 2818 500 2886 sapiens
513 2827 652 2887 argentea
692 2819 771 2872 Tolle
784 2819 927 2888 periclum,

225 2902 290 2970 Jam
301 2917 375 2969 vaga
386 2900 511 2969 prosiliet
524 2900 608 2954 frenis
621 2909 722 2954 natura
734 2902 855 2955 remotis.

225 2985 306 3038 Tune
319 2983 387 3037 mihi
401 2983 539 3050 dominus,
552 3000 645 3038 rerum
657 2984 780 3053 imperiis
793 2984 993 3054 hominumque

227 3068 283 3122 Tot
295 3066 436 3136 tantisque
448 3066 548 3133 minor,
562 3083 645 3136 quem
657 3077 699 3120 ter
711 3066 835 3121 vindicta
848 3075 1000 3137 quaterque

228 3151 366 3220 Imposita
378 3149 455 3204 haud
467 3166 591 3220 unquam
603 3150 706 3206 misera
718 3149 866 3206 formidine
877 3150 987 3219 privet?

226 3233 307 3288 Adde
320 3249 403 3303 super
415 3232 507 3300 dictis,
520 3232 596 3302 quod
609 3250 666 3286 non
678 3232 766 3286 levius
778 3234 870 3286 valeat
881 3251 888 3297 ;
907 3249 973 3286 nam

229 3317 293 3370 Sive
306 3316 427 3370 vicarius
440 3325 490 3383 est,
504 3316 552 3385 qui
565 3333 645 3370 servo
658 3323 737 3385 paret
751 3315 801 3384 (uti
814 3332 875 3369 mos

227 3399 327 3453 Vester
339 3399 389 3468 ait)
403 3415 452 3452 seu
465 3415 615 3453 conservus
629 3418 635 3463 ;
655 3398 706 3452 tibi
720 3397 787 3467 quid
800 3415 863 3452 sum
875 3399 947 3467 ego?
986 3401 1096 3467 Nempe

228 3482 281 3549 Tu,
294 3481 362 3536 mihi
375 3482 424 3554 qui
436 3481 589 3552 imperitas,
602 3481 649 3536 alii
662 3481 748 3537 servis
761 3481 854 3549 miser,
867 3491 950 3552 atque
1047 3504 1069 3540 n
