2748 4138
405 474 498 517 uranu
521 475 541 516 1.
585 473 734 516 srusroun
756 472 843 515 xv111.
986 456 1042 513 261

258 605 349 674 Saepe
361 603 459 658 decem
471 603 545 658 vitiis
558 602 726 670 instructior,
739 602 798 656 odit
810 611 838 656 et
850 601 960 655 horret:

257 688 323 754 Aut,
336 686 359 741 si
372 704 430 740 non
442 685 510 754 odit,
522 686 593 756 regit
605 705 612 750 ;
630 702 673 752 ac,
685 684 770 739 veluti
782 684 830 755 pia
841 694 938 752 mater,

259 770 325 824 Plus
337 787 422 841 quarn
435 786 466 823 se
478 785 577 839 sapere
590 777 617 822 et
629 767 777 822 virtutibus
791 784 853 821 esse
865 768 986 836 priorem

198 873 203 881 ·
256 853 338 906 Volt:
359 862 386 906 et
399 853 438 906 ait
450 869 537 922 prope
549 868 633 916 vera;
653 852 737 904 Meae
750 849 929 918 (contendere
941 849 1010 918 noli)

258 935 411 989 Stultitiam
424 935 568 1003 patiuntur
580 950 647 1003 opes
655 951 666 998 ·;
685 933 736 987 tibi
749 933 865 1003 parvuda
876 950 921 987 res
935 942 994 987 est:

257 1018 327 1071 Arta
339 1017 420 1071 dccet
433 1034 535 1071 sanum
547 1017 681 1071 comitem
693 1025 760 1084 toga
773 1034 780 1081 ;
799 1016 895 1070 desine
906 1032 1018 1070 mecum

259 1101 380 1154 Certare.
419 1101 587 1169 Eutrapelus
600 1099 756 1169 cuicunque
768 1115 869 1153 nocere
881 1099 1001 1166 volebat,

257 1183 434 1238 Vestimenta
446 1183 533 1237 dabat
545 1182 684 1252 pretiosa:
704 1183 804 1235 beatus
817 1181 892 1235 enim
901 1181 962 1250 jam

260 1268 331 1321 Curn
343 1266 466 1336 pulchris
478 1265 581 1320 tunicis
594 1274 685 1319 surnet
697 1282 772 1319 nova
784 1265 902 1319 consilia
914 1273 942 1318 et
954 1280 1018 1334 spes
1030 1283 1036 1329 ;

259 1349 389 1403 Dormiet
401 1349 430 1402 in
443 1350 534 1402 lucem
545 1367 552 1413 ;
572 1357 665 1402 scorto
678 1356 828 1418 postponet
840 1348 990 1402 honesturn

259 1432 391 1486 Officium
402 1451 409 1496 ;
427 1448 558 1485 nummos
571 1431 677 1485 alienos
690 1440 788 1501 pascet
799 1450 805 1496 ;
825 1431 862 1484 ad
874 1431 963 1484 imum

258 1515 352 1568 Threx
365 1514 425 1581 erit,
439 1523 487 1567 aut
500 1513 605 1567 oliton's
619 1523 683 1582 aget
695 1512 825 1568 mercede
837 1514 984 1568 caballum.

258 1600 401 1652 Arcanum
413 1613 505 1668 neque
517 1606 547 1651 tu
561 1597 729 1651 scrutaberis
742 1597 815 1651 illius
828 1613 953 1667 unquam
965 1617 973 1662 ;

260 1681 504 1750 Commissumque
516 1688 603 1748 teges,
617 1689 644 1734 et
656 1680 722 1734 vino
735 1689 825 1734 tortus
838 1688 865 1734 et
877 1680 926 1734 ira

261 1765 322 1819 Nec
335 1774 384 1818 tua
396 1762 525 1818 laudabis
538 1762 639 1830 studia,
657 1773 706 1817 aut
718 1763 812 1817 aliena
823 1763 974 1833 reprendes
985 1782 993 1827 ;

260 1849 331 1915 Nec,
343 1863 409 1901 curn
421 1845 516 1900 venari
529 1846 605 1900 volet
617 1845 671 1913 ille,
684 1850 817 1915 po'e'mata
829 1863 944 1915 panges.

260 1929 358 1984 Gratia
370 1929 411 1983 sic
424 1929 541 1983 fratrum
553 1928 736 2004 geminorum,
752 1929 920 1999 Amphionis
933 1938 1017 2000 atque

257 2013 345 2080 Zethi,
357 2011 486 2079 dissiluit,
500 2011 590 2065 donec
603 2021 734 2082 suspecta
746 2029 843 2067 severo

261 2094 402 2150 Conticuit
414 2095 481 2162 lyra
520 2094 662 2148 Fraternis
675 2095 794 2150 cessisse
806 2104 920 2164 putatur

260 2178 389 2232 Moribus
401 2175 562 2245 Amphion:
583 2186 614 2230 tu
626 2176 696 2230 cede
708 2178 831 2246 potentis
844 2178 929 2232 amici

260 2260 382 2314 Lenibus
396 2258 520 2328 imperiis
532 2277 539 2322 ;
558 2259 722 2329 quotiesque
735 2260 835 2313 educet
849 2260 878 2313 in
891 2277 974 2329 agros

259 2343 367 2398 Aetolis
380 2349 497 2396 onerata
508 2340 599 2410 plagis
609 2340 739 2409 jumenta
751 2357 900 2412 canesque,

261 2427 358 2495 Surge,
371 2433 399 2478 et
412 2423 581 2478 inhumanae
595 2422 705 2478 senium
718 2422 827 2492 depone
841 2425 990 2492 Camenae,

261 2512 369 2564 Coenes
382 2518 412 2563 ut
424 2508 528 2578 pariter
540 2508 685 2577 pulmenta
697 2507 839 2562 laboribus
853 2517 946 2577 empta
957 2527 964 2573 ;

262 2592 398 2646 Romanis
412 2591 547 2645 sollemne
559 2590 626 2644 viris
639 2607 718 2660 opus,
731 2590 798 2645 utile
810 2590 902 2646 famae

260 2676 398 2744 Vitaeque
411 2683 439 2728 et
452 2674 587 2728 membris
599 2693 606 2739 ;
625 2674 790 2744 praesertim
803 2691 868 2728 cum
879 2674 982 2742 valeas,
996 2684 1023 2729 et

260 2758 313 2812 Vel
325 2773 408 2812 cursu
421 2773 552 2826 superare
565 2773 665 2812 canem
677 2758 722 2810 vel
734 2757 840 2812 viribus
853 2774 961 2827 aprum,

262 2842 364 2896 Possis.
401 2840 491 2908 Adde,
503 2840 595 2894 virilia
607 2840 683 2911 quod
696 2841 849 2910 speciosius
862 2858 942 2894 arma

263 2925 330 2978 Non
343 2932 386 2978 est
398 2923 446 2994 qui
459 2932 576 2979 tractet:
597 2923 653 2977 scis
666 2940 722 2993 quo
735 2924 858 2978 clamore
870 2940 991 2978 coronae

263 3007 373 3061 Proelia
386 3006 525 3061 sustineas
538 3006 724 3075 campestria:
745 3005 865 3076 denique
878 3023 992 3060 saevam

263 3089 396 3144 Militiam
408 3106 477 3159 puer
490 3098 518 3143 et
531 3089 701 3143 Cantabrica
713 3089 789 3143 bella
801 3089 889 3143 tulisti

263 3173 322 3228 Sub
335 3173 415 3240 duce,
428 3172 476 3242 qui
489 3172 601 3242 templis
615 3172 783 3226 Parthorum
796 3171 876 3241 signa
888 3172 987 3242 refigit,

264 3258 356 3323 Nunc,
370 3265 398 3310 et
411 3256 435 3309 si
448 3255 516 3326 quid
528 3257 617 3323 abest,
633 3255 710 3310 Italis
723 3255 867 3325 adjudicat
879 3257 975 3311 armis.

263 3343 314 3408 Ac,
326 3356 362 3394 ne
374 3349 402 3394 te
414 3339 541 3393 retrahas
554 3348 581 3393 et
595 3339 791 3393 inexcusabilis
803 3339 888 3406 absis,

264 3423 399 3494 Quamvis
412 3422 453 3476 nil
464 3430 543 3475 extra
554 3439 700 3476 numerum
712 3421 812 3476 secisse
823 3422 993 3495 modumque

265 3507 362 3573 Curas,
375 3504 515 3560 interdum
528 3505 642 3575 nugaris
654 3522 717 3561 rure
729 3513 863 3576 patemo:
1006 3529 1031 3568 ⁶0
