2792 4168
325 464 384 516 124

580 458 712 503 HORATII
738 459 910 504 CARMINUM

469 585 537 642 Non
552 588 651 656 Hydra
664 597 740 642 secto
753 605 868 658 corpore
880 586 986 644 firmior

469 671 552 725 Vinci
565 670 707 725 dolentem
720 672 806 726 crevit
819 673 848 725 in
862 674 1022 741 Herculem,

504 755 701 808 Monstrumve
714 754 869 809 submisere
883 756 981 810 Colchi

540 837 644 907 Majus,
659 837 849 892 Echioniaeve
862 840 988 894 Thebae.

469 983 578 1036 Merses
591 981 738 1050 profundo,
751 983 893 1052 pulchrior
905 985 994 1040 exiet:

471 1066 594 1132 Luctere,
607 1066 696 1119 multa
708 1075 822 1135 proruet
834 1067 974 1136 integrum

505 1149 578 1203 Cum
590 1148 673 1202 laude
685 1147 828 1217 victorem,
841 1160 973 1221 geretque

540 1231 649 1285 Proelia
661 1231 827 1301 conjugibus
840 1233 988 1303 loquenda.

469 1375 636 1446 Karthagini
645 1376 706 1446 jam
718 1394 776 1431 non
789 1395 841 1446 ego
854 1379 967 1433 nuntios

470 1459 585 1513 Mittam
596 1460 739 1528 superbos.
780 1460 899 1528 Occidit,
913 1461 1016 1517 occidit

504 1543 575 1612 Spes
588 1542 688 1609 omnis,
701 1551 728 1595 et
741 1541 851 1596 fortuna
864 1544 952 1598 nostri

539 1623 680 1692 Nominis,
695 1624 874 1706 Hasdrubale
887 1626 1060 1696 interempto.

469 1769 519 1823 Nil
532 1767 667 1823 Claudiae
679 1786 736 1823 non
748 1770 892 1839 perficient
904 1788 1013 1839 manus,

470 1853 547 1922 Quas
560 1861 588 1906 et
600 1852 723 1921 benigno
735 1853 850 1907 numine
862 1853 988 1924 Juppiter

505 1934 646 2002 Defendit,
660 1944 688 1989 et
701 1952 783 1990 curae
797 1953 912 2006 sagaces

503 2079 505 2084 ¹
539 2015 700 2087 Expediunt
711 2035 762 2088 per
774 2029 858 2074 acuta
869 2020 944 2074 belli.

612 2342 802 2396 CARMEN
834 2343 867 2396 V.

616 2491 659 2532 AD
677 2489 860 2533 AUGUSTUM.

457 2613 548 2665 D1vls
561 2620 620 2664 orte
632 2611 723 2678 bonis,
736 2611 841 2680 optime
855 2612 993 2667 Romulae

457 2694 559 2748 Custos
571 2693 672 2762 gentis,
685 2694 752 2747 abes
762 2694 823 2763 jam
836 2694 954 2748 nimium
966 2693 1032 2759 diu;

457 2777 601 2831 Maturum
613 2775 733 2830 reditum
746 2776 885 2845 pollicitus
897 2786 1009 2846 patrum

527 2860 632 2913 Sancto
645 2858 763 2912 concilio
775 2859 842 2912 redi.

457 3005 562 3058 Lucem
574 3003 660 3059 redde
673 3013 745 3071 tuae,
758 3003 814 3058 dux
825 3005 909 3072 bone,
921 3003 1028 3074 patriae
1039 3024 1046 3070 3

456 3087 550 3140 Instar
561 3086 633 3140 veris
646 3086 722 3140 enim
733 3088 824 3141 voltus
837 3087 885 3141 ubi
898 3097 962 3141 tuus

456 3169 569 3224 Affulsit
580 3171 691 3239 populo,
707 3169 812 3239 gratior
824 3170 845 3224 it
857 3169 926 3237 dies,

529 3253 567 3305 Et
579 3252 652 3306 soles
664 3253 764 3307 melius
776 3253 873 3308 nitent.

458 3400 500 3453 Ut
511 3408 601 3454 mater
609 3399 750 3469 juvenem,
763 3417 847 3471 quem
860 3401 953 3452 Notus
965 3396 1060 3452 invido

460 3482 543 3538 Flatu
557 3482 701 3551 Carpathii
714 3492 791 3538 trans
803 3481 888 3536 maris
902 3498 1024 3553 aequora
