2766 4162
588 411 725 453 HORATII
754 413 926 455 CARMINUM

472 539 497 589 T
499 555 547 591 um
560 538 653 607 spissa
664 539 751 593 ramis
764 541 860 594 laurea
872 540 993 595 fervidos

474 622 611 675 Excludet
624 622 704 676 ictus.
745 624 810 676 Non
824 623 864 676 ita
877 624 989 677 Romuli

509 704 714 773 Praescriptum
727 714 755 759 et
768 705 872 759 intonsi
888 706 1003 760 Catonis

543 787 692 856 Auspiciis,
705 798 886 859 veterumque
899 806 1005 844 norma.

474 907 600 962 Privatus
614 908 667 962 illis
680 925 781 963 census
794 919 853 963 erat
864 910 966 982 brevis,

473 992 628 1045 Commune
640 1009 792 1060 magnum:
812 993 894 1053 nulla,
901 993 1078 1062 decempedis

507 1075 616 1127 Metata
628 1075 743 1144 privatis
757 1092 875 1144 opacam

542 1158 668 1212 Porticus
682 1157 837 1227 excipiebat
849 1160 956 1213 Arcton
968 1179 975 1223 ;

472 1278 533 1331 Nec
546 1277 690 1331 fortuitum
703 1294 833 1346 spernere
845 1278 998 1347 caespitem

471 1362 559 1429 Leges
573 1361 710 1427 sinebant,
724 1360 828 1429 oppida
840 1360 952 1427 publico

505 1445 625 1513 Sumptu
634 1443 765 1512 jubentes
779 1452 807 1496 et
819 1442 935 1496 deorum

539 1527 659 1593 Templa
671 1542 745 1579 novo
757 1525 889 1578 decorare
902 1541 976 1578 saxo.

600 1843 788 1896 CARMEN
821 1843 907 1895 XVI.

631 1975 674 2015 nn
693 1974 874 2016 cnoseuuu.

434 2088 541 2139 OTIUM
554 2085 634 2139 divos
647 2095 727 2154 rogat
741 2086 770 2138 in
782 2085 890 2154 patenti

433 2170 553 2221 Prensus
565 2170 687 2237 Aegaeo,
701 2168 785 2221 simul
796 2178 858 2222 atra
869 2168 958 2222 nubes

434 2250 567 2305 Condidit
581 2253 698 2318 Lunam,
712 2267 802 2321 neque
814 2259 891 2304 certa
903 2250 1008 2320 fulgent

503 2335 602 2388 Sidera
614 2335 707 2388 nautis
719 2354 726 2400 ;

433 2456 530 2510 Otium
542 2455 616 2508 bello
629 2454 734 2508 furiosa
746 2454 864 2521 Thrace,

432 2539 529 2592 Otium
543 2539 621 2591 Medi
634 2539 766 2607 pharetra
777 2538 880 2605 decori,

432 2621 568 2689 Grosphe,
581 2637 638 2674 non
651 2621 770 2690 gemmis
783 2637 873 2690 neque
885 2638 1007 2690 purpura
1020 2637 1064 2673 ve·

500 2703 563 2756 nale
576 2720 666 2773 neque
679 2720 754 2756 auro.

432 2825 498 2877 Non
511 2823 585 2883 enim
598 2839 682 2891 gazae
694 2838 784 2892 neque
797 2822 951 2876 consularis

430 2907 594 2959 Summovet
606 2905 687 2959 lictor
699 2905 816 2958 miseros
830 2905 964 2959 tumultus

431 2989 544 3055 Mentis,
557 2998 584 3041 et
598 3005 679 3041 curas
692 2989 822 3058 laqueata
834 2987 940 3041 circum
964 3037 967 3040 .

477 3129 483 3136 ,
499 3073 588 3125 Tecta
600 3072 732 3124 volantes.

429 3203 538 3257 Vivitur
550 3220 636 3272 parvo
648 3203 728 3271 bene,
741 3204 786 3257 cui
799 3213 946 3272 paternum

430 3286 564 3355 Splendet
577 3286 606 3338 in
619 3302 717 3339 mensa
729 3287 806 3340 tenui
819 3286 940 3339 salinum
952 3305 958 3348 ;

431 3370 491 3422 Nec
504 3369 578 3421 leves
592 3385 706 3422 somnos
719 3369 803 3423 timor
815 3378 863 3422 aut
876 3368 977 3436 cupido

500 3451 635 3504 Sordidus
649 3451 743 3504 aufert.
