2792 4168
323 485 381 545 150

599 479 731 527 nomn
759 477 886 526 EPODON

433 615 501 669 Non
513 611 634 668 defuisse
647 613 790 667 masculae
801 606 926 668 libidinis

467 695 674 750 Ariminensem
687 696 798 750 Foliam

433 782 471 834 Et
483 778 574 834 otiosa
585 778 703 833 credidit
717 777 861 849 Neapolis,

469 864 506 917 Et
518 876 602 917 omne
613 861 737 916 vicinum
750 861 885 932 oppidum
896 880 903 927 ;

432 947 513 1016 Quae
525 945 617 1000 sidera
629 955 778 1000 excantata
789 962 859 1001 voce
871 945 1009 1001 Thessala

468 1031 631 1099 Lunamque
643 1030 721 1084 caelo
734 1028 842 1099 deripit.

433 1111 490 1167 Hic
504 1111 666 1168 inresectum
678 1128 764 1166 saeva
775 1112 859 1167 dente
871 1111 958 1167 livido

468 1194 588 1251 Canidia
599 1195 702 1250 rodens
713 1195 853 1265 pollicem,

433 1279 509 1349 Quid
521 1277 609 1333 dixit?
628 1286 676 1333 aut
688 1277 756 1349 quid
768 1277 874 1332 tacuit?
912 1279 937 1334 O
950 1279 1033 1334 rebus
1045 1279 1115 1334 meis

467 1363 534 1416 Non
547 1360 673 1415 infideles
686 1359 817 1428 arbitrae,

340 1490 342 1495 .
431 1445 459 1500 N
462 1460 506 1511 ox,
518 1453 546 1498 et
560 1443 655 1496 Diana
666 1459 738 1514 quae
750 1442 892 1498 silentium
903 1441 986 1513 regis,

466 1528 579 1580 Arcana
590 1540 655 1580 cum
667 1525 737 1580 fiunt
750 1542 838 1593 sacra,

433 1610 525 1671 Nunc,
540 1624 614 1662 nunc
627 1606 742 1662 adeste!
760 1623 835 1662 nunc
848 1607 878 1662 in
890 1607 1006 1663 hostiles
1019 1607 1118 1664 domos

468 1693 544 1744 Iram
556 1699 641 1761 atque
653 1706 757 1744 numen
769 1690 868 1745 vertite
880 1693 887 1744 l

432 1772 633 1829 Formidolosis
645 1772 714 1828 dum
725 1774 815 1828 latent
827 1773 905 1828 silvis
917 1772 1000 1841 ferae,

467 1856 551 1911 Dulci
564 1871 664 1926 sopore
676 1855 835 1926 languidae,

431 1939 535 1994 Senem
548 1936 635 2010 (quod
648 1955 746 1993 omnes
759 1938 879 2008 rideant)
893 1939 1052 1996 adulterum

468 2024 582 2077 Latrent
596 2022 763 2078 Suburanae
775 2039 861 2077 canes

432 2105 460 2159 N
462 2105 531 2160 ardo
543 2114 718 2176 perunctum,
730 2107 813 2177 quale
825 2123 882 2161 non
894 2103 1042 2176 perfectius

466 2189 550 2243 Meae
561 2187 716 2242 laborarint
727 2205 837 2243 manus.

431 2270 508 2340 Quid
519 2271 641 2326 accidit?
660 2287 710 2326 cur
721 2270 783 2325 dira
794 2272 932 2327 barbarae
943 2271 1037 2327 minus

465 2354 583 2408 Venena
597 2353 716 2409 Medeae
728 2355 831 2422 valent,

431 2437 541 2507 Quibus
554 2438 705 2507 superbam
717 2437 788 2507 fugit
800 2439 861 2492 ulta
871 2437 1009 2508 pellicem,

466 2520 565 2590 Magni
579 2521 708 2576 Creontis
720 2521 816 2589 filiam,

433 2605 505 2658 Cum
517 2604 601 2674 palla,
614 2605 682 2658 tabo
694 2621 795 2659 munus
808 2604 956 2673 imbutum,
968 2621 1071 2660 novam

468 2686 606 2741 Incendio
617 2695 735 2757 nuptam
747 2687 881 2742 abstulit?

430 2769 517 2840 Atqui
529 2785 581 2824 nec
593 2769 682 2825 herba
694 2786 746 2824 nec
759 2771 850 2826 latens
862 2770 891 2825 in
903 2769 1010 2841 asperis

467 2851 559 2906 Radix
571 2851 667 2906 fefellit
679 2867 725 2906 me
738 2850 815 2908 locis.

432 2935 571 2990 Indormit
583 2935 674 2991 unctis
687 2934 815 2990 omnium
826 2935 965 2992 cubilibus

466 3017 617 3073 Oblivione
629 3018 766 3088 pellicum.

430 3099 494 3154 Ah!
514 3100 551 3154 ab
563 3102 569 3155 !
590 3101 697 3156 solutus
709 3100 836 3156 ambulat
847 3101 988 3158 veneficae

468 3181 631 3238 scientioris
643 3183 775 3238 carmine.

432 3265 499 3319 Non
511 3264 630 3333 usitatis,
642 3266 724 3335 Vare,
737 3265 908 3336 potionibus,

467 3347 504 3416 (O
517 3347 606 3402 multa
617 3348 747 3403 fleturum
759 3357 844 3419 caput
855 3348 874 3418 l)

429 3429 476 3484 Ad
488 3445 534 3484 me
546 3446 669 3484 recurres
683 3449 691 3496 ;
709 3447 761 3486 nec
774 3441 876 3487 vocata
887 3445 967 3486 mens
979 3440 1028 3487 tua

466 3511 569 3566 Marsis
582 3512 684 3568 redibit
696 3513 820 3570 vocibus.
852 3524 854 3527 ·
