2792 4168
441 465 534 508 unsre
556 465 595 509 rv.
647 466 779 508 eunucu
801 466 850 509 xv.
1012 461 1070 528 137¹

365 597 406 650 Ut
418 596 602 650 barbarorum
616 593 749 648 Claudius
762 593 876 664 agmina

364 681 480 734 Ferrata
491 688 572 732 vasto
585 677 670 731 diruit
682 677 795 746 impetu,

399 762 564 831 Primosque
577 769 604 814 et
617 769 755 814 extremos
768 759 900 814 metendo

430 844 677 910 Strauitrhumum,
691 843 751 897 sine
763 842 844 898 clade
855 845 953 911 victor,

363 967 406 1019 Te
418 965 524 1034 copias,
537 973 565 1017 te
578 963 726 1017 consilium
738 972 766 1017 et
778 973 841 1018 tuos

364 1049 520 1102 Praebente
532 1046 619 1101 divos
659 1047 736 1099 Nam
748 1046 808 1114 tibi,
821 1063 876 1118 quo
889 1045 934 1100 die

399 1133 499 1184 Portus
511 1129 688 1183 Alexandrea
700 1131 816 1198 supplex

435 1215 473 1268 Et
485 1230 605 1267 vacuam
616 1212 747 1282 patefecit
761 1213 862 1279 aulam,

367 1339 492 1391 Fortuna
504 1337 591 1390 lustro
603 1352 737 1406 prospera
749 1333 831 1388 tertio

364 1419 435 1473 Belli
448 1417 587 1473 secundos
599 1418 721 1472 reddidit
733 1418 831 1484 exitus5

402 1502 582 1571 Laudemque
596 1509 623 1554 et
637 1509 764 1570 optatum
777 1499 898 1569 peractis
984 1554 990 1566 ,

436 1584 565 1654 Imperiis
578 1583 663 1637 decus
676 1583 823 1653 arrogavit.

365 1708 407 1760 Te
422 1707 563 1760 Cantaber
574 1723 632 1760 non
645 1714 710 1760 ante
723 1705 881 1772 domabilis,

366 1789 524 1860 Medusque
537 1798 565 1843 et
578 1790 674 1857 Indus,
688 1800 716 1843 te
728 1788 861 1858 profugus
874 1787 993 1857 Scythes

400 1872 527 1940 Miratur,
541 1889 558 1925 o
571 1873 658 1926 tutela
670 1889 802 1941 praesens

438 1956 536 2010 Italiae
548 1955 734 2025 dominaeque
747 1956 873 2009 Romae!

366 2077 417 2143 Te,
429 2075 550 2129 fontium
562 2075 610 2146 qui
623 2076 695 2130 celat
708 2075 829 2146 origines

367 2158 512 2228 Nilusque,
526 2167 553 2211 et
568 2160 647 2226 Ister,
661 2167 688 2212 te
700 2159 814 2228 rapidus
826 2158 928 2228 Tigris,

401 2241 443 2293 Te
456 2240 588 2294 beluosus
601 2241 649 2311 qui
661 2241 776 2294 remotis

437 2322 581 2391 Obstrepit
595 2325 725 2376 Oceanus
739 2322 889 2391 Britannis,

368 2443 411 2496 Te
423 2459 480 2496 non
492 2442 620 2512 paventis
632 2443 731 2496 funera
743 2443 852 2497 Galliae

370 2526 520 2597 Duraeque
533 2526 614 2579 tellus
627 2525 705 2579 audit
719 2525 853 2579 Hiberiae
864 2544 871 2590 3

368 2617 372 2637 ‘¹
402 2609 444 2662 Te
457 2607 544 2662 caede
556 2607 710 2678 gaudentes
724 2608 874 2677 Sugambri

438 2690 608 2762 Compositis
620 2699 787 2745 venerantur
799 2690 891 2744 armis

510 2987 699 3042 CARMEN
731 2987 795 3040 XV.

512 3133 649 3176 Aucusrr
668 3131 796 3176 munus

370 3259 517 3312 PHOEBUS
529 3257 669 3310 uolentem
682 3255 788 3325 proelia
799 3272 845 3310 me
856 3255 933 3326 loqui

368 3341 466 3396 Victas
479 3349 507 3394 et
519 3340 601 3394 urbes
615 3339 751 3408 increpuit
763 3339 831 3407 lyra,

407 3425 453 3477 Ne
465 3440 554 3493 parva
566 3423 743 3492 Tyrrhenum
755 3439 805 3492 per
817 3439 921 3494 aequor

439 3507 510 3561 Vela
522 3506 627 3562 darem.
666 3507 737 3574 Tua,
751 3507 862 3574 Caesar,
875 3515 953 3561 aetas
