2804 4176
336 546 395 617 246
564 557 696 601 noman
720 557 940 601 aprsromxun

329 687 501 757 Respondet.
540 688 632 757 Neget
645 686 690 741 ille
702 686 792 740 mihi?
830 687 924 755 Negat
937 684 1089 754 improbus,
1102 694 1130 740 et
1142 695 1170 739 te

331 771 456 840 Negligit
469 779 517 825 aut
528 770 630 825 horret„
668 770 810 824 Volteium
822 786 905 823 mane
919 769 1066 839 Philippus

328 853 403 907 Vilia
414 853 582 908 vendentem
595 853 720 908 tunicato
734 862 828 907 scruta
839 853 950 922 popello

330 940 466 1006 Occupat,
479 945 507 991 et
520 937 627 990 salvere
635 937 717 1005 jubet
729 935 812 1005 prior,
852 935 902 988 Ille
916 935 1046 1004 Philippo

329 1021 470 1074 Excusare
481 1019 607 1073 laborem
620 1027 648 1073 et
660 1018 833 1073 mercenaria
845 1019 946 1086 vincla,

329 1104 412 1172 Quod
424 1119 481 1156 non
494 1119 577 1156 mane
589 1101 705 1156 domum
718 1101 840 1155 venisset
852 1120 858 1166 ;
878 1101 998 1171 denique
1011 1101 1086 1172 quod
1099 1118 1156 1155 non

328 1185 499 1239 Providisset
511 1202 582 1239 eum.
621 1185 668 1238 Sic
681 1183 822 1253 ignovisse
834 1192 933 1254 putato

328 1271 377 1322 Me
389 1269 448 1336 tibi,
462 1269 485 1322 si
498 1284 601 1322 coenas
614 1268 698 1322 hodie
711 1284 830 1322 mecum.
868 1269 910 1321 Ut
922 1267 999 1321 libet.
1037 1268 1113 1337 Ergo

328 1353 394 1406 Post
407 1369 511 1406 nonam
523 1351 618 1406 venies
630 1371 637 1416 3
657 1367 731 1405 nunc
744 1350 762 1418 i,
775 1367 834 1404 rem
848 1360 976 1405 strenuus
989 1367 1068 1420 auge.

329 1436 369 1489 Ut
381 1445 496 1489 ventum
509 1435 546 1488 ad
559 1451 676 1489 coenam
690 1443 732 1488 est
744 1453 750 1498 ;
769 1433 890 1488 dicenda
901 1434 1023 1488 tacenda
1034 1436 1153 1500 locutus,

327 1519 455 1572 Tandem
468 1517 620 1573 dormitum
632 1517 788 1582 dimittitur.
827 1517 892 1585 Hic,
905 1517 954 1571 ubi
967 1534 1051 1586 saepe

328 1602 477 1656 Occultum
489 1601 565 1655 visus
578 1600 725 1655 decurrere
737 1600 823 1670 piscis
836 1600 873 1654 ad
885 1601 1010 1668 hamum,

328 1686 414 1738 Mane
427 1685 513 1738 cliens
526 1692 554 1738 et
563 1683 624 1752 jam
636 1693 728 1737 certus
741 1683 867 1750 conviva,
877 1683 991 1752 jubetur

327 1769 404 1822 Rura
416 1768 577 1821 suburbana
588 1765 700 1820 indictis
714 1783 808 1820 comes
821 1765 860 1820 ire
875 1765 989 1820 Latinis.

327 1851 479 1920 Impositus
493 1849 612 1916 manniS,
625 1866 723 1902 arvum
736 1850 899 1920 caelumque
913 1849 1051 1904 Sabinum

328 1934 394 1986 Non
407 1942 498 1986 cessat
510 1931 632 1985 laudare.
670 1931 755 1985 Videt
767 1932 894 2002 ridetque
907 1932 1070 2002 Philippus:

329 2017 366 2069 Et
380 2015 432 2069 sibi
446 2015 513 2069 dum
526 2014 658 2084 requiem,
671 2014 739 2068 dum
751 2015 824 2069 risus
837 2015 960 2085 undique
973 2015 1088 2086 quaerit,

329 2101 406 2153 Dum
420 2108 527 2167 septem
539 2097 627 2151 donat
639 2097 775 2166 sestertia,
788 2107 885 2153 mutua
898 2108 1005 2168 septem

329 2181 478 2248 Promittit,
490 2180 639 2251 persuadet
652 2181 691 2235 uti
705 2190 843 2235 mercetur
855 2182 983 2252 agellum.

329 2267 471 2318 Mereatur
483 2283 489 2319 :
510 2281 545 2318 ne
558 2273 586 2319 te
598 2265 689 2335 longis
703 2265 870 2334 ambagibus
883 2267 955 2319 ultra

329 2350 421 2418 Quam
435 2348 503 2402 satis
516 2357 559 2402 est
571 2364 664 2403 morer
677 2369 683 2414 3
703 2365 736 2402 ex
749 2349 839 2403 nitido
851 2349 882 2404 fit
895 2348 1023 2416 rusticuS,
1036 2357 1120 2418 atque

328 2431 427 2485 Sulcos
440 2441 468 2486 et
479 2431 574 2485 vineta
587 2441 683 2501 crepat
695 2448 781 2499 mera,
794 2440 942 2501 praeparat
955 2432 1055 2498 ulmos,

329 2513 490 2569 lmmoritur
502 2515 610 2582 studiis,
623 2524 651 2569 et
664 2531 759 2569 amore
772 2513 891 2569 senescit
903 2513 1034 2568 habendi.

327 2600 431 2653 Verum
444 2599 492 2653 ubi
505 2615 570 2652 oves
583 2598 665 2666 furto,
674 2587 777 2653 ‘morbo
789 2598 896 2668 periere
909 2598 1040 2667 capellae,

329 2683 414 2750 Spem
426 2681 544 2735 mentita
557 2697 646 2750 seges,
658 2682 711 2736 bos
724 2691 767 2735 est
780 2690 894 2735 enectus
907 2680 1014 2734 arando
1026 2699 1033 2745 ;

328 2764 459 2818 Offensus
473 2763 593 2830 damnis,
606 2763 700 2817 media
712 2764 747 2817 de
760 2773 842 2817 nocte
855 2763 995 2817 caballum

325 2847 439 2916 Arripit,
453 2847 594 2917 iratusque
608 2846 730 2915 Philippi
742 2846 833 2899 tendit
845 2847 882 2898 ad
896 2846 986 2900 aedes.

328 2931 419 2999 Quem
431 2930 514 2984 simul
527 2930 654 2999 adspexit
667 2930 797 2983 scabrum
810 2929 1008 2999 intonsumque
1021 2927 1174 2999 Philippus,

327 3014 430 3080 DuruS,
444 3013 492 3080 ait,
505 3012 606 3079 Voltei,
619 3012 702 3065 nimis
716 3021 894 3082 attentusque
905 3011 1008 3065 videris

327 3097 398 3149 Esse
411 3096 487 3150 mihi.
525 3095 585 3162 Pol,
598 3110 644 3148 me
656 3095 797 3162 miserum,
809 3104 934 3164 patrone,
948 3110 1071 3161 vocares,

327 3178 358 3230 Si
370 3179 464 3245 velles,
477 3177 575 3248 inquit,
588 3193 685 3230 verum
697 3177 766 3230 mihi
780 3193 882 3246 ponere
895 3193 1006 3231 nornen.

328 3261 411 3329 Quod
424 3270 451 3314 te
464 3277 513 3330 per
526 3259 647 3315 Genium
660 3260 841 3330 dextramque
854 3260 977 3330 deosque
991 3262 1109 3314 Penates

326 3343 452 3397 Obsecro
464 3353 492 3397 et
504 3344 636 3411 obtestor,
648 3343 722 3398 vitae
735 3360 780 3397 me
793 3342 878 3398 redde
891 3343 982 3411 priori.

328 3426 383 3494 Qui
397 3427 483 3479 semel
496 3425 623 3494 adspexit
636 3436 772 3496 quantum
785 3426 902 3479 dimissa
913 3426 1007 3494 petitis

327 3509 482 3575 Praestent,
495 3517 603 3561 mature
615 3508 718 3576 redeat,
731 3517 893 3579 repetatque
906 3509 1010 3563 relicta.

327 3590 422 3645 Metiri
435 3607 464 3644 se
477 3606 615 3660 quemque
628 3607 679 3645 suo
691 3591 805 3645 modulo
818 3608 851 3644 ac
864 3591 944 3660 pede,
957 3608 1054 3646 verum
1067 3601 1116 3646 est.
