<?xml version="1.0" encoding="UTF-8"?>
<!DOCTYPE html PUBLIC "-//W3C//DTD XHTML 1.0 Transitional//EN"
    "http://www.w3.org/TR/xhtml1/DTD/xhtml1-transitional.dtd">
<html xmlns="http://www.w3.org/1999/xhtml" xml:lang="en" lang="en">
 <head>
  <title>
</title>
<meta http-equiv="Content-Type" content="text/html;charset=utf-8" />
  <meta name='ocr-system' content='tesseract 3.04.00' />
  <meta name='ocr-capabilities' content='ocr_page ocr_carea ocr_par ocr_line ocrx_word'/>
</head>
<body>
  <div class='ocr_page' id='page_1' title='image "./quintihoratiifl00milmgoog_0149.png"; bbox 0 0 2792 4168; ppageno 0'>
   <div class='ocr_carea' id='block_1_1' title="bbox 331 397 389 452">
    <p class='ocr_par' dir='ltr' id='par_1_1' title="bbox 331 397 389 452">
     <span class='ocr_line' id='line_1_1' title="bbox 331 397 389 452; baseline 0.034 -2"><span class='ocrx_word' id='word_1_1' title='bbox 331 397 389 452; x_wconf 88' lang='lat'><strong>126</strong></span> 
     </span>
    </p>
   </div>
   <div class='ocr_carea' id='block_1_2' title="bbox 592 408 916 451">
    <p class='ocr_par' dir='ltr' id='par_1_2' title="bbox 592 408 916 451">
     <span class='ocr_line' id='line_1_2' title="bbox 592 408 916 451; baseline 0 -1"><span class='ocrx_word' id='word_1_2' title='bbox 592 408 722 451; x_wconf 87' lang='lat' dir='ltr'><strong>HORATII</strong></span> <span class='ocrx_word' id='word_1_3' title='bbox 744 408 916 451; x_wconf 80' lang='lat' dir='ltr'><strong>CARMINUM</strong></span> 
     </span>
    </p>
   </div>
   <div class='ocr_carea' id='block_1_3' title="bbox 615 700 889 886">
    <p class='ocr_par' dir='ltr' id='par_1_3' title="bbox 615 700 889 886">
     <span class='ocr_line' id='line_1_3' title="bbox 615 700 889 754; baseline -0.007 0"><span class='ocrx_word' id='word_1_4' title='bbox 615 700 805 754; x_wconf 88' lang='lat' dir='ltr'><strong>CARMEN</strong></span> <span class='ocrx_word' id='word_1_5' title='bbox 836 700 889 753; x_wconf 90' lang='lat' dir='ltr'><strong>Vl.</strong></span> 
     </span>
     <span class='ocr_line' id='line_1_4' title="bbox 626 844 878 886; baseline 0 -1"><span class='ocrx_word' id='word_1_6' title='bbox 626 844 669 886; x_wconf 81' lang='lat' dir='ltr'><strong>An</strong></span> <span class='ocrx_word' id='word_1_7' title='bbox 688 844 878 886; x_wconf 80' lang='lat' dir='ltr'><strong>APOLLINEM.</strong></span> 
     </span>
    </p>
   </div>
   <div class='ocr_carea' id='block_1_4' title="bbox 433 965 990 1281">
    <p class='ocr_par' dir='ltr' id='par_1_4' title="bbox 434 965 984 1037">
     <span class='ocr_line' id='line_1_5' title="bbox 434 965 984 1037; baseline 0.002 -18"><span class='ocrx_word' id='word_1_8' title='bbox 434 969 524 1033; x_wconf 79' lang='lat' dir='ltr'><strong>DIVE,</strong></span> <span class='ocrx_word' id='word_1_9' title='bbox 538 983 621 1037; x_wconf 90' lang='lat' dir='ltr'><strong>quern</strong></span> <span class='ocrx_word' id='word_1_10' title='bbox 633 967 725 1035; x_wconf 90' lang='lat' dir='ltr'><strong>proles</strong></span> <span class='ocrx_word' id='word_1_11' title='bbox 740 965 852 1020; x_wconf 87' lang='lat' dir='ltr'>Niobea</span> <span class='ocrx_word' id='word_1_12' title='bbox 864 983 984 1035; x_wconf 90' lang='lat' dir='ltr'><strong>magnae</strong></span> 
     </span>
    </p>

    <p class='ocr_par' dir='ltr' id='par_1_5' title="bbox 434 1049 990 1120">
     <span class='ocr_line' id='line_1_6' title="bbox 434 1049 990 1120; baseline -0.002 -17"><span class='ocrx_word' id='word_1_13' title='bbox 434 1049 582 1103; x_wconf 87' lang='lat' dir='ltr'>Vindicem</span> <span class='ocrx_word' id='word_1_14' title='bbox 595 1049 715 1118; x_wconf 86' lang='lat' dir='ltr'>linguae,</span> <span class='ocrx_word' id='word_1_15' title='bbox 728 1049 882 1120; x_wconf 87' lang='lat' dir='ltr'>Tityosque</span> <span class='ocrx_word' id='word_1_16' title='bbox 895 1059 990 1118; x_wconf 89' lang='lat' dir='ltr'><strong>raptor</strong></span> 
     </span>
    </p>

    <p class='ocr_par' dir='ltr' id='par_1_6' title="bbox 433 1132 978 1281">
     <span class='ocr_line' id='line_1_7' title="bbox 433 1132 978 1203; baseline 0 -18"><span class='ocrx_word' id='word_1_17' title='bbox 433 1132 535 1199; x_wconf 88' lang='lat' dir='ltr'>Sensit,</span> <span class='ocrx_word' id='word_1_18' title='bbox 549 1142 577 1186; x_wconf 92' lang='lat' dir='ltr'><strong>et</strong></span> <span class='ocrx_word' id='word_1_19' title='bbox 589 1132 692 1203; x_wconf 92' lang='lat' dir='ltr'><strong>Trojae</strong></span> <span class='ocrx_word' id='word_1_20' title='bbox 704 1148 791 1201; x_wconf 88' lang='lat' dir='ltr'><strong>prope</strong></span> <span class='ocrx_word' id='word_1_21' title='bbox 803 1132 892 1187; x_wconf 88' lang='lat' dir='ltr'><strong>victor</strong></span> <span class='ocrx_word' id='word_1_22' title='bbox 905 1133 978 1186; x_wconf 90' lang='lat' dir='ltr'><strong>altae</strong></span> 
     </span>
     <span class='ocr_line' id='line_1_8' title="bbox 504 1214 767 1281; baseline -0.004 -14"><span class='ocrx_word' id='word_1_23' title='bbox 504 1214 622 1268; x_wconf 86' lang='lat' dir='ltr'><strong>Phthius</strong></span> <span class='ocrx_word' id='word_1_24' title='bbox 634 1215 767 1281; x_wconf 88' lang='lat' dir='ltr'><strong>Achilles,</strong></span> 
     </span>
    </p>
   </div>
   <div class='ocr_carea' id='block_1_5' title="bbox 434 1334 986 1652">
    <p class='ocr_par' dir='ltr' id='par_1_7' title="bbox 436 1334 931 1410">
     <span class='ocr_line' id='line_1_9' title="bbox 436 1334 931 1410; baseline -0.002 -21"><span class='ocrx_word' id='word_1_25' title='bbox 436 1335 653 1410; x_wconf 30' lang='lat' dir='ltr'><strong>Ceterislmajor,</strong></span> <span class='ocrx_word' id='word_1_26' title='bbox 666 1334 717 1388; x_wconf 91' lang='lat' dir='ltr'><strong>tibi</strong></span> <span class='ocrx_word' id='word_1_27' title='bbox 730 1335 809 1388; x_wconf 87' lang='lat' dir='ltr'><strong>miles</strong></span> <span class='ocrx_word' id='word_1_28' title='bbox 823 1334 913 1404; x_wconf 89' lang='lat' dir='ltr'><strong>impar</strong></span> <span class='ocrx_word' id='word_1_29' title='bbox 924 1354 931 1399; x_wconf 90' lang='lat'>;</span> 
     </span>
    </p>

    <p class='ocr_par' dir='ltr' id='par_1_8' title="bbox 434 1417 944 1489">
     <span class='ocr_line' id='line_1_10' title="bbox 434 1417 944 1489; baseline -0.002 -18"><span class='ocrx_word' id='word_1_30' title='bbox 434 1419 522 1472; x_wconf 89' lang='lat' dir='ltr'><strong>Filius</strong></span> <span class='ocrx_word' id='word_1_31' title='bbox 535 1418 663 1489; x_wconf 90' lang='lat' dir='ltr'><strong>quamvis</strong></span> <span class='ocrx_word' id='word_1_32' title='bbox 677 1417 806 1470; x_wconf 91' lang='lat' dir='ltr'><strong>Thetidis</strong></span> <span class='ocrx_word' id='word_1_33' title='bbox 819 1418 944 1471; x_wconf 87' lang='lat' dir='ltr'><strong>marinae</strong></span> 
     </span>
    </p>

    <p class='ocr_par' dir='ltr' id='par_1_9' title="bbox 434 1500 986 1652">
     <span class='ocr_line' id='line_1_11' title="bbox 434 1500 986 1570; baseline -0.002 -16"><span class='ocrx_word' id='word_1_34' title='bbox 434 1501 585 1555; x_wconf 86' lang='lat' dir='ltr'><strong>Dardanas</strong></span> <span class='ocrx_word' id='word_1_35' title='bbox 598 1509 687 1554; x_wconf 92' lang='lat' dir='ltr'><strong>turres</strong></span> <span class='ocrx_word' id='word_1_36' title='bbox 701 1509 826 1570; x_wconf 90' lang='lat' dir='ltr'><strong>quateret</strong></span> <span class='ocrx_word' id='word_1_37' title='bbox 840 1500 986 1554; x_wconf 88' lang='lat' dir='ltr'><strong>tremenda</strong></span> 
     </span>
     <span class='ocr_line' id='line_1_12' title="bbox 504 1582 757 1652; baseline -0.008 -16"><span class='ocrx_word' id='word_1_38' title='bbox 504 1582 626 1652; x_wconf 88' lang='lat' dir='ltr'><strong>Cuspide</strong></span> <span class='ocrx_word' id='word_1_39' title='bbox 638 1599 757 1651; x_wconf 85' lang='lat' dir='ltr'><strong>pugnax.</strong></span> 
     </span>
    </p>
   </div>
   <div class='ocr_carea' id='block_1_6' title="bbox 435 1676 871 1770">
    <p class='ocr_par' dir='ltr' id='par_1_10' title="bbox 435 1676 871 1770">
     <span class='ocr_line' id='line_1_13' title="bbox 435 1676 871 1770; baseline -0.002 -14"><span class='ocrx_word' id='word_1_40' title='bbox 435 1704 493 1770; x_wconf 89' lang='lat' dir='ltr'><strong>Ille,</strong></span> <span class='ocrx_word' id='word_1_41' title='bbox 506 1676 631 1755; x_wconf 81' lang='lat' dir='ltr'><strong>rnordaci</strong></span> <span class='ocrx_word' id='word_1_42' title='bbox 643 1703 719 1756; x_wconf 87' lang='lat' dir='ltr'><strong>velut</strong></span> <span class='ocrx_word' id='word_1_43' title='bbox 732 1701 787 1756; x_wconf 91' lang='lat' dir='ltr'><strong>icta</strong></span> <span class='ocrx_word' id='word_1_44' title='bbox 799 1701 871 1755; x_wconf 85' lang='lat' dir='ltr'><strong>ferro</strong></span> 
     </span>
    </p>
   </div>
   <div class='ocr_carea' id='block_1_7' title="bbox 434 1784 974 2003">
    <p class='ocr_par' dir='ltr' id='par_1_11' title="bbox 434 1784 974 2003">
     <span class='ocr_line' id='line_1_14' title="bbox 434 1784 974 1854; baseline 0 -16"><span class='ocrx_word' id='word_1_45' title='bbox 434 1786 520 1839; x_wconf 92' lang='lat' dir='ltr'><strong>Pinus</strong></span> <span class='ocrx_word' id='word_1_46' title='bbox 533 1793 582 1838; x_wconf 87' lang='lat' dir='ltr'><strong>aut</strong></span> <span class='ocrx_word' id='word_1_47' title='bbox 594 1784 715 1854; x_wconf 88' lang='lat' dir='ltr'><strong>impulsa</strong></span> <span class='ocrx_word' id='word_1_48' title='bbox 728 1801 876 1852; x_wconf 90' lang='lat' dir='ltr'><strong>cupressus</strong></span> <span class='ocrx_word' id='word_1_49' title='bbox 890 1785 974 1846; x_wconf 80' lang='lat' dir='ltr'><strong>Eum,</strong></span> 
     </span>
     <span class='ocr_line' id='line_1_15' title="bbox 434 1866 952 1936; baseline -0.002 -15"><span class='ocrx_word' id='word_1_50' title='bbox 434 1867 557 1921; x_wconf 89' lang='lat' dir='ltr'><strong>Procidit</strong></span> <span class='ocrx_word' id='word_1_51' title='bbox 569 1867 633 1934; x_wconf 90' lang='lat' dir='ltr'><strong>late,</strong></span> <span class='ocrx_word' id='word_1_52' title='bbox 646 1866 795 1936; x_wconf 90' lang='lat' dir='ltr'><strong>posuitque</strong></span> <span class='ocrx_word' id='word_1_53' title='bbox 807 1867 910 1920; x_wconf 87' lang='lat' dir='ltr'><strong>collum</strong></span> <span class='ocrx_word' id='word_1_54' title='bbox 922 1867 952 1920; x_wconf 90' lang='lat' dir='ltr'><strong>in</strong></span> 
     </span>
     <span class='ocr_line' id='line_1_16' title="bbox 505 1949 750 2003; baseline 0.004 -2"><span class='ocrx_word' id='word_1_55' title='bbox 505 1949 621 2002; x_wconf 88' lang='lat' dir='ltr'><strong>Pulvere</strong></span> <span class='ocrx_word' id='word_1_56' title='bbox 634 1951 750 2003; x_wconf 87' lang='lat' dir='ltr'><strong>Teucro.</strong></span> 
     </span>
    </p>
   </div>
   <div class='ocr_carea' id='block_1_8' title="bbox 432 2069 933 2374">
    <p class='ocr_par' dir='ltr' id='par_1_12' title="bbox 434 2069 933 2140">
     <span class='ocr_line' id='line_1_17' title="bbox 434 2069 933 2140; baseline 0.006 -18"><span class='ocrx_word' id='word_1_57' title='bbox 434 2070 485 2123; x_wconf 89' lang='lat' dir='ltr'><strong>Ille</strong></span> <span class='ocrx_word' id='word_1_58' title='bbox 497 2086 554 2122; x_wconf 89' lang='lat' dir='ltr'><strong>non</strong></span> <span class='ocrx_word' id='word_1_59' title='bbox 567 2069 690 2123; x_wconf 90' lang='lat' dir='ltr'><strong>inclusus</strong></span> <span class='ocrx_word' id='word_1_60' title='bbox 703 2086 775 2140; x_wconf 90' lang='lat' dir='ltr'><strong>equo</strong></span> <span class='ocrx_word' id='word_1_61' title='bbox 789 2070 933 2125; x_wconf 91' lang='lat' dir='ltr'><strong>Minervae</strong></span> 
     </span>
    </p>

    <p class='ocr_par' dir='ltr' id='par_1_13' title="bbox 435 2152 872 2220">
     <span class='ocr_line' id='line_1_18' title="bbox 435 2152 872 2220; baseline 0.002 -14"><span class='ocrx_word' id='word_1_62' title='bbox 435 2155 522 2206; x_wconf 89' lang='lat' dir='ltr'><strong>Sacra</strong></span> <span class='ocrx_word' id='word_1_63' title='bbox 534 2152 660 2220; x_wconf 88' lang='lat' dir='ltr'><strong>mentito,</strong></span> <span class='ocrx_word' id='word_1_64' title='bbox 674 2153 747 2208; x_wconf 89' lang='lat' dir='ltr'><strong>male</strong></span> <span class='ocrx_word' id='word_1_65' title='bbox 760 2152 872 2207; x_wconf 87' lang='lat' dir='ltr'><strong>feriatos</strong></span> 
     </span>
    </p>

    <p class='ocr_par' dir='ltr' id='par_1_14' title="bbox 432 2234 918 2374">
     <span class='ocr_line' id='line_1_19' title="bbox 432 2234 918 2291; baseline 0.004 -3"><span class='ocrx_word' id='word_1_66' title='bbox 432 2237 523 2289; x_wconf 89' lang='lat' dir='ltr'><strong>Troas</strong></span> <span class='ocrx_word' id='word_1_67' title='bbox 536 2245 563 2289; x_wconf 92' lang='lat' dir='ltr'><strong>et</strong></span> <span class='ocrx_word' id='word_1_68' title='bbox 576 2235 679 2288; x_wconf 87' lang='lat' dir='ltr'><strong>laetam</strong></span> <span class='ocrx_word' id='word_1_69' title='bbox 693 2234 796 2289; x_wconf 87' lang='lat' dir='ltr'><strong>Priami</strong></span> <span class='ocrx_word' id='word_1_70' title='bbox 809 2237 918 2291; x_wconf 88' lang='lat' dir='ltr'><strong>choreis</strong></span> 
     </span>
     <span class='ocr_line' id='line_1_20' title="bbox 504 2320 748 2374; baseline 0.008 -2"><span class='ocrx_word' id='word_1_71' title='bbox 504 2320 624 2373; x_wconf 88' lang='lat' dir='ltr'><strong>Falleret</strong></span> <span class='ocrx_word' id='word_1_72' title='bbox 637 2320 748 2374; x_wconf 85' lang='lat' dir='ltr'><strong>aulam:</strong></span> 
     </span>
    </p>
   </div>
   <div class='ocr_carea' id='block_1_9' title="bbox 433 2441 1097 2744">
    <p class='ocr_par' dir='ltr' id='par_1_15' title="bbox 433 2441 1097 2674">
     <span class='ocr_line' id='line_1_21' title="bbox 433 2441 1097 2512; baseline 0 -16"><span class='ocrx_word' id='word_1_73' title='bbox 433 2441 491 2496; x_wconf 92' lang='lat' dir='ltr'><strong>Sed</strong></span> <span class='ocrx_word' id='word_1_74' title='bbox 502 2443 597 2510; x_wconf 84' lang='lat' dir='ltr'><strong>palam</strong></span> <span class='ocrx_word' id='word_1_75' title='bbox 611 2441 700 2510; x_wconf 92' lang='lat' dir='ltr'><strong>captis</strong></span> <span class='ocrx_word' id='word_1_76' title='bbox 713 2443 806 2512; x_wconf 88' lang='lat' dir='ltr'><strong>gravis</strong></span> <span class='ocrx_word' id='word_1_77' title='bbox 820 2442 885 2511; x_wconf 90' lang='lat' dir='ltr'><strong>(heu</strong></span> <span class='ocrx_word' id='word_1_78' title='bbox 897 2443 993 2497; x_wconf 87' lang='lat' dir='ltr'><strong>nefas!</strong></span> <span class='ocrx_word' id='word_1_79' title='bbox 1013 2445 1067 2498; x_wconf 92' lang='lat' dir='ltr'><strong>heu</strong></span> <span class='ocrx_word' id='word_1_80' title='bbox 1080 2444 1097 2512; x_wconf 87' lang='lat'><strong>!)</strong></span> 
     </span>
     <span class='ocr_line' id='line_1_22' title="bbox 434 2524 858 2594; baseline 0.002 -16"><span class='ocrx_word' id='word_1_81' title='bbox 434 2525 553 2579; x_wconf 91' lang='lat' dir='ltr'><strong>Nescios</strong></span> <span class='ocrx_word' id='word_1_82' title='bbox 566 2524 617 2578; x_wconf 88' lang='lat' dir='ltr'><strong>fari</strong></span> <span class='ocrx_word' id='word_1_83' title='bbox 630 2542 730 2594; x_wconf 90' lang='lat' dir='ltr'><strong>pueros</strong></span> <span class='ocrx_word' id='word_1_84' title='bbox 743 2526 858 2580; x_wconf 89' lang='lat' dir='ltr'><strong>Achivis</strong></span> 
     </span>
     <span class='ocr_line' id='line_1_23' title="bbox 435 2607 922 2674; baseline 0.002 -13"><span class='ocrx_word' id='word_1_85' title='bbox 435 2609 536 2662; x_wconf 87' lang='lat' dir='ltr'><strong>Ureret</strong></span> <span class='ocrx_word' id='word_1_86' title='bbox 548 2607 677 2674; x_wconf 87' lang='lat' dir='ltr'><strong>fiammis,</strong></span> <span class='ocrx_word' id='word_1_87' title='bbox 691 2608 777 2661; x_wconf 89' lang='lat' dir='ltr'><strong>etiam</strong></span> <span class='ocrx_word' id='word_1_88' title='bbox 789 2609 922 2662; x_wconf 85' lang='lat' dir='ltr'><strong>latentem</strong></span> 
     </span>
    </p>

    <p class='ocr_par' dir='ltr' id='par_1_16' title="bbox 505 2690 743 2744">
     <span class='ocr_line' id='line_1_24' title="bbox 505 2690 743 2744; baseline 0 -1"><span class='ocrx_word' id='word_1_89' title='bbox 505 2690 606 2744; x_wconf 89' lang='lat' dir='ltr'><strong>Matris</strong></span> <span class='ocrx_word' id='word_1_90' title='bbox 620 2690 647 2743; x_wconf 91' lang='lat' dir='ltr'><strong>in</strong></span> <span class='ocrx_word' id='word_1_91' title='bbox 662 2691 743 2743; x_wconf 90' lang='lat' dir='ltr'><strong>alvo:</strong></span> 
     </span>
    </p>
   </div>
   <div class='ocr_carea' id='block_1_10' title="bbox 433 2811 936 3114">
    <p class='ocr_par' dir='ltr' id='par_1_17' title="bbox 435 2811 936 2882">
     <span class='ocr_line' id='line_1_25' title="bbox 435 2811 936 2882; baseline 0.004 -18"><span class='ocrx_word' id='word_1_92' title='bbox 435 2811 473 2864; x_wconf 89' lang='lat' dir='ltr'><strong>Ni</strong></span> <span class='ocrx_word' id='word_1_93' title='bbox 486 2811 542 2865; x_wconf 87' lang='lat' dir='ltr'><strong>tuis</strong></span> <span class='ocrx_word' id='word_1_94' title='bbox 555 2811 644 2865; x_wconf 92' lang='lat' dir='ltr'><strong>victus</strong></span> <span class='ocrx_word' id='word_1_95' title='bbox 657 2811 828 2882; x_wconf 89' lang='lat' dir='ltr'><strong>Venerisque</strong></span> <span class='ocrx_word' id='word_1_96' title='bbox 841 2821 936 2880; x_wconf 85' lang='lat' dir='ltr'><strong>gratae</strong></span> 
     </span>
    </p>

    <p class='ocr_par' dir='ltr' id='par_1_18' title="bbox 433 2895 925 2964">
     <span class='ocr_line' id='line_1_26' title="bbox 433 2895 925 2964; baseline 0.002 -16"><span class='ocrx_word' id='word_1_97' title='bbox 433 2895 567 2962; x_wconf 89' lang='lat' dir='ltr'><strong>Vocibus,</strong></span> <span class='ocrx_word' id='word_1_98' title='bbox 580 2895 676 2948; x_wconf 90' lang='lat' dir='ltr'><strong>divom</strong></span> <span class='ocrx_word' id='word_1_99' title='bbox 688 2904 768 2964; x_wconf 92' lang='lat' dir='ltr'><strong>pater</strong></span> <span class='ocrx_word' id='word_1_100' title='bbox 781 2895 925 2949; x_wconf 84' lang='lat' dir='ltr'><strong>annuisset</strong></span> 
     </span>
    </p>

    <p class='ocr_par' dir='ltr' id='par_1_19' title="bbox 434 2977 889 3114">
     <span class='ocr_line' id='line_1_27' title="bbox 434 2977 889 3046; baseline 0.004 -16"><span class='ocrx_word' id='word_1_101' title='bbox 434 2977 530 3031; x_wconf 87' lang='lat' dir='ltr'><strong>Rebus</strong></span> <span class='ocrx_word' id='word_1_102' title='bbox 544 2979 657 3031; x_wconf 86' lang='lat' dir='ltr'><strong>Aeneae</strong></span> <span class='ocrx_word' id='word_1_103' title='bbox 669 2978 777 3046; x_wconf 90' lang='lat' dir='ltr'><strong>potiore</strong></span> <span class='ocrx_word' id='word_1_104' title='bbox 789 2978 889 3032; x_wconf 93' lang='lat' dir='ltr'><strong>ductos</strong></span> 
     </span>
     <span class='ocr_line' id='line_1_28' title="bbox 503 3061 693 3114; baseline -0.005 -1"><span class='ocrx_word' id='word_1_105' title='bbox 503 3061 578 3114; x_wconf 85' lang='lat' dir='ltr'><strong>Alite</strong></span> <span class='ocrx_word' id='word_1_106' title='bbox 591 3076 693 3114; x_wconf 88' lang='lat' dir='ltr'><strong>muros.</strong></span> 
     </span>
    </p>
   </div>
   <div class='ocr_carea' id='block_1_11' title="bbox 433 3180 1036 3496">
    <p class='ocr_par' dir='ltr' id='par_1_20' title="bbox 433 3180 923 3250">
     <span class='ocr_line' id='line_1_29' title="bbox 433 3180 923 3250; baseline 0.004 -17"><span class='ocrx_word' id='word_1_107' title='bbox 433 3182 543 3234; x_wconf 93' lang='lat' dir='ltr'><strong>Doctor</strong></span> <span class='ocrx_word' id='word_1_108' title='bbox 555 3189 670 3250; x_wconf 88' lang='lat' dir='ltr'><strong>argutae</strong></span> <span class='ocrx_word' id='word_1_109' title='bbox 683 3180 784 3234; x_wconf 85' lang='lat' dir='ltr'><strong>fidicen</strong></span> <span class='ocrx_word' id='word_1_110' title='bbox 797 3180 923 3248; x_wconf 91' lang='lat' dir='ltr'><strong>Thaliae,</strong></span> 
     </span>
    </p>

    <p class='ocr_par' dir='ltr' id='par_1_21' title="bbox 434 3263 1036 3333">
     <span class='ocr_line' id='line_1_30' title="bbox 434 3263 1036 3333; baseline 0.002 -18"><span class='ocrx_word' id='word_1_111' title='bbox 434 3263 556 3329; x_wconf 89' lang='lat' dir='ltr'><strong>Phoebe,</strong></span> <span class='ocrx_word' id='word_1_112' title='bbox 570 3264 617 3333; x_wconf 91' lang='lat' dir='ltr'><strong>qui</strong></span> <span class='ocrx_word' id='word_1_113' title='bbox 630 3265 745 3317; x_wconf 87' lang='lat' dir='ltr'><strong>Xantho</strong></span> <span class='ocrx_word' id='word_1_114' title='bbox 758 3263 828 3317; x_wconf 90' lang='lat' dir='ltr'><strong>lavis</strong></span> <span class='ocrx_word' id='word_1_115' title='bbox 841 3280 924 3317; x_wconf 88' lang='lat' dir='ltr'><strong>amne</strong></span> <span class='ocrx_word' id='word_1_116' title='bbox 937 3263 1036 3329; x_wconf 90' lang='lat' dir='ltr'><strong>crines,</strong></span> 
     </span>
    </p>

    <p class='ocr_par' dir='ltr' id='par_1_22' title="bbox 434 3344 1032 3496">
     <span class='ocr_line' id='line_1_31' title="bbox 434 3344 1032 3412; baseline 0.003 -16"><span class='ocrx_word' id='word_1_117' title='bbox 434 3344 564 3398; x_wconf 89' lang='lat' dir='ltr'><strong>Dauniae</strong></span> <span class='ocrx_word' id='word_1_118' title='bbox 576 3345 695 3399; x_wconf 83' lang='lat' dir='ltr'><strong>defende</strong></span> <span class='ocrx_word' id='word_1_119' title='bbox 708 3346 793 3400; x_wconf 91' lang='lat' dir='ltr'><strong>decus</strong></span> <span class='ocrx_word' id='word_1_120' title='bbox 808 3347 955 3412; x_wconf 89' lang='lat' dir='ltr'><strong>Camenae,</strong></span> <span class='ocrx_word' id='word_1_121' title='bbox 1028 3348 1032 3357; x_wconf 85' lang='lat'>&#39;</span> 
     </span>
     <span class='ocr_line' id='line_1_32' title="bbox 504 3427 713 3496; baseline 0.014 -17"><span class='ocrx_word' id='word_1_122' title='bbox 504 3427 585 3481; x_wconf 87' lang='lat' dir='ltr'><strong>Levis</strong></span> <span class='ocrx_word' id='word_1_123' title='bbox 598 3428 713 3496; x_wconf 89' lang='lat' dir='ltr'><strong>Agyieu.</strong></span> 
     </span>
    </p>
   </div>
   <div class='ocr_carea' id='block_1_12' title="bbox 0 0 1401 4168">
    <p class='ocr_par' dir='ltr' id='par_1_23' title="bbox 0 0 1401 4168">
     <span class='ocr_line' id='line_1_33' title="bbox 0 0 1401 4168; baseline 0 0"><span class='ocrx_word' id='word_1_124' title='bbox 0 0 1401 4168; x_wconf 95' lang='lat' dir='ltr'><strong> </strong></span> 
     </span>
    </p>
   </div>
  </div>
 </body>
</html>
