2748 4138
415 447 508 490 ursan
531 447 562 490 11.
609 445 758 490 uersuum
781 445 812 488 11.
980 430 1037 486 281

193 577 251 632 Sub
263 585 374 631 noctem
387 576 508 646 gelidam
521 569 603 644 lignis
616 574 762 628 calefactat
775 577 896 638 a'e'num;

192 662 248 716 Sed
260 670 343 716 vocat
355 677 442 730 usque
456 675 544 726 suum,
558 676 614 728 qua
625 659 745 728 populus
759 657 850 712 adsita
862 657 944 712 certis

192 744 338 798 Limitibus
351 744 444 797 vicina
456 742 557 811 refugit
566 741 677 811 jurgia3
697 749 841 811 tamquam

191 827 234 881 Sit
246 827 389 898 proprium
401 826 561 897 quidquam,
574 833 678 894 puncto
691 824 766 894 quod
779 823 889 877 mobilis
902 823 988 877 horae

192 912 219 963 N
222 927 276 965 unc
288 927 378 980 prece,
391 925 465 963 nunc
477 908 574 979 preti0,
587 924 661 961 nunc
674 907 710 974 vi,
723 922 796 961 nune
810 915 899 960 morte
912 923 1041 978 suprema

192 996 333 1048 Permutet
345 993 482 1060 dominos,
496 1001 524 1046 et
533 992 615 1045 cedat
628 991 657 1043 in
670 991 757 1044 altera
766 990 838 1059 jura
992 985 995 991 ‘

191 1077 238 1130 Sic
251 1077 316 1147 quia
328 1085 477 1146 perpetuus
490 1075 558 1129 nulli
571 1074 653 1128 datur
666 1090 741 1140 usus,
755 1083 782 1126 et
794 1073 875 1126 heres

192 1159 332 1213 Heredem
346 1158 466 1225 alteriuS,
479 1158 553 1211 velut
566 1156 642 1210 unda
654 1155 812 1225 supervenit
826 1154 932 1208 undam
943 1175 950 1219 ;

192 1242 267 1310 Quid
279 1242 332 1295 vici
346 1250 470 1311 prosunt,
484 1249 532 1294 aut
544 1240 663 1294 horrea?
682 1239 784 1308 quidve
797 1238 925 1292 Calabris

192 1325 315 1379 Saltibus
328 1323 430 1393 adjecti
444 1323 558 1390 Lucani,
572 1323 595 1376 si
608 1322 687 1376 metit
701 1323 791 1376 Orcus

191 1408 317 1461 Grandia
329 1425 393 1462 cum
405 1407 507 1477 parvis,
521 1424 577 1460 non
591 1405 738 1459 exorabilis
752 1405 841 1459 auro?

192 1492 334 1558 Gemmas,
347 1507 477 1558 marmor,
491 1490 566 1557 ebur,
579 1490 726 1558 Tyrrhena
739 1489 839 1558 sigilla,
853 1489 998 1565 tabellas„

191 1575 354 1642 Argentum,
366 1582 457 1627 vestes
471 1573 590 1627 Gaetulo
603 1572 709 1626 murice
722 1571 832 1638 tinctas,

191 1657 262 1710 Sunt
274 1657 321 1725 qui
334 1673 391 1709 non
403 1656 544 1720 habeant;
564 1665 606 1708 est
619 1654 666 1724 qui
679 1671 736 1708 non
748 1662 826 1708 curat
839 1654 950 1708 habere.

192 1740 247 1794 Cur
260 1739 329 1793 alter
340 1738 457 1792 fratrum
470 1754 588 1805 cessare,
601 1746 629 1791 et
640 1737 743 1805 ludere,
758 1747 786 1790 et
798 1737 866 1806 ungi

191 1821 331 1875 Praeferat
346 1821 467 1874 Herodis
480 1821 610 1890 palmetis
623 1820 772 1889 pinguibus
786 1839 793 1883 ;
813 1819 890 1886 alter,

192 1905 277 1958 Dives
291 1912 318 1958 et
331 1905 512 1974 importunus,
525 1904 562 1957 ad
574 1905 703 1959 umbram
715 1903 784 1957 lucis
797 1904 833 1957 ab
847 1912 908 1957 ortu

191 1988 352 2042 Silvestrem
364 1988 484 2041 flammis
498 1996 524 2041 et
537 1987 608 2041 ferro
621 1987 729 2056 mitiget
743 2004 840 2055 agrum
852 2005 859 2051 3

190 2071 249 2125 Scit
264 2070 378 2137 Genius,
391 2071 484 2123 natale
496 2086 590 2123 eomes
604 2070 651 2139 qui
663 2079 800 2139 temperat
812 2079 926 2136 astrum,

192 2154 317 2207 Naturae
330 2155 407 2206 Deus
419 2153 567 2219 humanae,
580 2152 704 2205 mortalis
718 2153 746 2204 in
759 2167 858 2205 unum-

192 2235 330 2304 Quodque
342 2245 434 2304 caput,
446 2235 523 2288 voltu
535 2234 686 2301 mutabilis,
699 2235 778 2288 albus
792 2244 820 2288 et
832 2243 899 2288 ater.

192 2319 272 2385 Utar,
285 2327 312 2370 et
324 2334 358 2370 ex
370 2317 490 2384 modico,
503 2326 639 2387 quantum
652 2334 695 2370 res
708 2326 813 2387 poscet,
827 2332 927 2369 acervo

191 2400 320 2464 Tollam3
339 2416 390 2453 nec
403 2408 527 2453 metuam
540 2399 654 2469 quidde
667 2416 713 2452 me
722 2399 828 2468 judicet
840 2400 931 2465 beree,

193 2482 276 2551 Quod
288 2499 345 2535 non
356 2483 436 2551 plura
445 2482 518 2535 datis
531 2482 666 2535 invenerit
677 2501 684 2546 ;
703 2491 730 2536 et
743 2490 837 2535 tamen
849 2481 924 2534 idem

192 2565 269 2620 Scire
281 2566 375 2619 volam
388 2573 524 2635 quantum
537 2565 654 2634 simplex
667 2564 818 2634 hilarisque
830 2564 924 2633 nepoti

192 2648 349 2718 Discrepet,
362 2657 390 2702 et
403 2657 538 2717 quantum
551 2647 692 2702 discordet
704 2664 804 2717 parcus
817 2663 909 2700 avaro.

193 2731 288 2786 Distat
300 2732 383 2799 enim,
397 2749 512 2802 spargas
524 2741 573 2786 tua
584 2731 726 2801 prodigus,
739 2747 775 2782 an
788 2746 878 2799 neque
891 2738 1033 2798 sumptum

194 2815 301 2868 Invitus
314 2815 409 2882 facias,
422 2831 512 2884 neque
525 2816 604 2884 plura
616 2809 714 2884 parare
726 2814 835 2866 labores
846 2832 853 2877 ;

191 2900 233 2952 Ac
246 2898 347 2968 potius,
359 2915 428 2968 puer
439 2907 469 2952 ut
482 2898 558 2952 iestis
574 2897 792 2967 Quinquatribus
806 2896 881 2964 olim,

193 2981 303 3050 Exiguo
315 2990 449 3050 gratoque
462 2981 560 3034 fruaris
573 2990 697 3050 tempore
708 2979 818 3048 raptim.

194 3064 343 3135 Pauperies
356 3063 501 3118 immunda
512 3065 611 3118 domus
622 3063 718 3133 procul
731 3063 821 3117 absit:
840 3079 901 3132 eg0,
913 3072 1005 3117 utrum

194 3149 274 3202 Nave
286 3148 358 3202 ferar
370 3165 473 3216 magna
485 3163 521 3200 an
534 3164 629 3216 parva,
642 3146 714 3200 ferar
726 3163 798 3201 unus
811 3155 837 3200 et
851 3145 933 3200 idem.

194 3233 221 3286 N
224 3248 261 3286 on
274 3233 383 3302 agimur
395 3231 509 3285 tumidis
521 3231 590 3284 velis
605 3231 733 3300 aquilone
747 3229 888 3295 secundo,

194 3317 260 3369 Non
273 3325 367 3370 tamen
381 3314 505 3368 adversis
519 3322 640 3367 aetatem
653 3312 781 3366 ducimus
794 3313 895 3367 austris
906 3333 914 3378 ;

192 3399 313 3466 Viribus,
327 3397 448 3469 ingenio,
461 3395 562 3467 speeie,
575 3395 684 3462 virtute,
697 3395 767 3463 loco,
779 3411 817 3462 re,

195 3482 319 3537 Extremi
331 3482 492 3552 primorum,
505 3479 635 3534 extremis
648 3495 735 3550 usque
747 3479 859 3548 priores.
1002 3516 1039 3551 204
