2792 4168
405 439 498 481 LIBER
521 439 564 482 111.
611 438 742 482 CARMEN
765 439 840 479 XXX.
988 435 1044 493 115

343 569 436 623 Irritat
448 585 553 622 amnes
593 568 643 621 llle
654 577 754 636 potens
767 567 810 621 sui

342 654 499 722 Laetusque
512 651 603 724 deget,
616 651 660 704 cui
673 651 736 704 licet
749 651 778 703 in
791 650 866 704 diem

377 735 498 802 Dixisse,
510 734 574 787 Vixi
586 753 591 786 :
612 750 674 787 cras
686 733 730 786 vel
743 743 804 786 atra

412 819 496 872 Nube
508 818 604 887 polum
618 818 701 870 Pater
713 827 859 886 occupato,

340 951 393 1004 Vel
406 952 463 1004 sole
475 967 561 1020 puro:
583 960 747 1004 nontamen
760 949 868 1004 irritum

343 1034 536 1104 Quodcunque
549 1043 622 1087 retro
635 1043 676 1087 est
690 1032 789 1087 efficiet
800 1053 807 1097 ;
826 1050 915 1104 neque

295 1115 298 1126 '
377 1116 513 1186 Diffinget
525 1116 714 1186 infectumque
726 1116 833 1182 reddet,

413 1200 496 1269 Quod
509 1199 616 1268 fugiens
630 1200 716 1252 semel
727 1199 797 1252 hora
809 1199 892 1254 vexit.

344 1334 469 1386 Fortuna
481 1349 564 1386 saevo
576 1334 651 1386 laeta
663 1333 783 1402 negotio,
797 1343 824 1387 et

343 1416 453 1470 Ludum
466 1415 632 1470 insolentem
644 1416 738 1470 ludere
751 1417 884 1485 pertinax,

376 1501 559 1555 Transmutat
571 1499 692 1552 incertos
705 1500 833 1566 honores,

417 1584 501 1636 Nunc
514 1583 592 1650 mihi,
605 1598 679 1635 nunc
693 1582 739 1635 alii
751 1583 880 1652 benigna.

344 1715 441 1769 Laudo
454 1725 631 1769 manentem:
653 1716 676 1769 si
689 1717 792 1769 celeres
806 1717 894 1787 quatit

345 1799 464 1865 Pennas,
476 1797 587 1867 resigno
600 1815 672 1869 quae
684 1798 770 1865 dedit,
783 1808 811 1852 et
823 1815 887 1852 mea

379 1881 489 1934 Virtute
501 1898 547 1935 me
560 1882 679 1949 involvo,
692 1883 864 1952 probamque

417 1965 584 2034 Pauperiem
597 1965 656 2018 sine
669 1965 734 2018 dote
747 1981 859 2035 quaero,

347 2100 414 2152 Non
427 2108 469 2152 est
482 2115 584 2166 meum,
598 2099 621 2152 si
634 2099 741 2167 mugiat
753 2098 854 2152 Africis

349 2181 443 2234 Malus
455 2181 592 2251 procelliS,
605 2181 642 2234 ad
654 2181 770 2234 miseras
783 2198 879 2250 preces

382 2264 536 2316 Decurrere
550 2272 577 2316 et
589 2263 660 2316 votis
673 2263 786 2331 pacisci,

420 2347 466 2398 Ne
480 2345 598 2414 Cypriae
611 2345 767 2414 Tyriaeque
779 2362 885 2400 merces

347 2478 463 2532 Addant
475 2494 559 2531 avaro
572 2477 683 2531 divitias
697 2478 783 2530 mari:

347 2564 427 2615 Tunc
440 2578 485 2614 me
497 2560 611 2614 biremis
623 2561 763 2630 praesidio
776 2563 897 2631 scaphae

381 2646 488 2698 Tutum
499 2660 549 2713 per
561 2644 689 2713 Aegaeos
702 2645 836 2698 turnultus

416 2729 494 2782 Aura
506 2727 574 2781 feret
587 2726 770 2797 geminusque
784 2728 887 2781 Pollux.

474 2985 662 3038 CARMEN
694 2986 791 3038 XXX.

486 3119 530 3160 AD
550 3119 775 3161 MELPOMENEN.

313 3229 416 3283 EXEGI
430 3237 642 3283 monumentum
655 3244 718 3281 aere
732 3229 880 3297 perennius

314 3307 468 3381 Reg'alique
480 3310 534 3364 situ
547 3311 724 3379 pyramidum
737 3312 829 3379 altius,

315 3393 398 3462 Quod
410 3411 467 3448 non
480 3394 570 3447 imber
582 3394 661 3461 edax,
674 3411 730 3448 non
742 3395 845 3465 Aquilo
858 3395 996 3466 impotens

315 3477 407 3531 Possit
419 3477 527 3531 diruere
540 3487 588 3531 aut
601 3476 811 3532 innumerabilis
