2804 4176
340 482 400 532 214
595 472 726 518 HORATII
750 475 931 519 SATIRARUM

337 606 460 662 Cerritus
473 603 544 660 suit?
563 622 599 659 an
612 615 770 660 commotae
783 605 899 661 crimine
911 607 1013 662 mentis

335 690 474 744 Absolves
486 688 639 756 hominem,
652 699 679 742 et
693 689 803 742 sceleris
816 688 966 744 damnabis
978 691 1107 758 eundern,

336 774 379 826 Ex
392 789 469 826 more
482 771 629 841 imponens
643 781 764 840 cognata
776 773 913 826 vocabula
925 775 1029 829 rebus?

336 855 493 910 Libertinus
506 865 573 922 erat,
587 853 634 926 qui
647 855 753 908 circum
765 855 890 924 compita
902 856 993 910 siccus

336 937 431 991 Lautis
444 954 527 991 mane
538 954 621 992 senex
633 937 764 991 manibus
777 939 922 993 currebat:
943 948 978 1007 et,
993 940 1099 1008 Unum,

336 1021 431 1090 Quid?
450 1032 509 1076 tam
522 1021 677 1089 magnum?
696 1020 811 1088 addens,
825 1038 911 1074 unum
921 1039 966 1076 me
977 1023 1082 1093 surpite
1095 1025 1186 1092 morti,

336 1104 388 1157 Dis
402 1103 505 1157 etenim
518 1102 599 1157 facile
612 1112 663 1170 est,
676 1104 774 1156 orabat
786 1122 793 1167 ;
812 1120 897 1158 sanus
911 1105 1035 1174 utrisque

333 1186 456 1240 Auribus
469 1197 553 1256 atque
565 1186 672 1250 oculis;
691 1194 823 1252 mentem,
836 1186 890 1240 uisi
903 1187 1049 1256 litigiosus,

335 1270 484 1339 Exciperet
493 1269 633 1335 dominus,
643 1285 708 1323 cum
717 1268 857 1322 venderet
894 1270 957 1323 Hoc
968 1288 1079 1342 quoque
1088 1273 1187 1343 volgus

335 1353 507 1422 Chrysippus
520 1351 599 1421 ponit
611 1351 731 1405 fecunda
743 1351 771 1404 in
784 1361 867 1420 gente
880 1353 1003 1408 Meneni.

333 1436 467 1505 Juppiter,
481 1435 609 1504 ingentes
622 1434 669 1505 qui
683 1435 734 1488 das
748 1434 904 1505 adimisque
917 1436 1036 1504 dolores,

335 1521 428 1572 Mater
440 1519 480 1572 ait
491 1518 570 1588 pueri
582 1535 693 1572 menses
704 1518 764 1586 jam
778 1518 900 1587 quinque
913 1520 1050 1587 cubantis,

335 1603 451 1673 Frigida
464 1602 487 1656 si
501 1619 619 1672 puerum
633 1611 772 1671 quartana
783 1602 932 1671 reliquerit,
945 1602 993 1657 illo

335 1687 422 1739 Mane
435 1685 489 1752 die,
504 1701 560 1754 quo
573 1694 603 1738 tu
616 1684 717 1738 indicis
727 1684 842 1754 jejunia,
855 1685 945 1738 nudus

335 1770 370 1821 In
382 1767 477 1822 Tiberi
491 1767 584 1821 stabit.
624 1768 713 1820 Casus
725 1767 885 1820 medicusve
897 1769 995 1822 levarit

333 1853 457 1918 Aegrum
471 1867 504 1904 ex
517 1849 673 1918 praecipiti,
686 1859 776 1902 mater
788 1849 875 1903 delira
887 1853 999 1906 necabit

335 1935 369 1987 ln
382 1933 476 2002 gelida
488 1933 574 1986 fixum
586 1932 656 2002 ripa,
669 1931 823 2002 febrimque
836 1933 956 1988 reducet.

335 2018 435 2085 Quone
447 2016 523 2070 malo
536 2024 660 2069 mentem
674 2017 830 2069 concussa?
850 2016 949 2070 timore
961 2018 1085 2072 deorum.
1109 2023 1110 2028 ’

335 2101 416 2152 Haec
429 2098 498 2152 mihi
512 2097 669 2166 Stertinius,
683 2098 840 2168 sapientum
853 2108 977 2168 octavus,
990 2102 1081 2155 amico

333 2183 422 2235 Arma
434 2181 519 2249 dedit,
533 2181 653 2250 posthac
667 2198 703 2235 ne
712 2182 893 2251 compellarer
906 2182 1018 2237 inultus.

336 2265 444 2319 Dixerit
456 2264 586 2318 insanum
600 2264 648 2334 qui
655 2281 715 2331 me,
728 2264 845 2319 totidem
859 2265 961 2332 audiet,
975 2275 1058 2337 atque

335 2348 485 2417 Respicere
500 2347 596 2416 ignoto
609 2348 699 2401 discet
712 2347 863 2417 pendentia
876 2357 963 2418 tergo.
1052 2375 1066 2408 ι

334 2431 437 2499 Stoice,
450 2441 515 2501 post
528 2431 663 2484 damnum
676 2432 717 2484 sic
730 2431 836 2485 vendas
850 2431 944 2484 omnia
956 2433 1060 2502 pluris:

335 2517 398 2582 Qua
410 2531 456 2568 me
469 2514 586 2569 stultitia
599 2513 742 2584 (quoniam
755 2531 811 2567 non
825 2524 866 2568 est
879 2532 966 2585 genus
979 2516 1076 2584 unum)

336 2597 463 2651 insanire
476 2599 579 2666 putas?
600 2613 651 2666 ego
664 2614 731 2650 nam
744 2596 840 2650 videor
852 2597 921 2650 mihi
935 2615 1027 2652 sanus

335 2679 431 2748 Quid?
450 2689 533 2749 caput
547 2679 704 2733 abscissum
716 2680 848 2733 manibus
861 2697 925 2734 cum
937 2690 1031 2750 portat
1043 2684 1140 2751 Agave

336 2763 421 2816 Gnati
435 2761 562 2828 infelicis,
576 2761 629 2815 sibi
643 2771 703 2815 tum
715 2761 821 2815 furiosa
832 2763 962 2817 videtur?

335 2847 458 2899 Stultum
469 2862 515 2900 me
529 2845 618 2898 fateor
631 2845 724 2913 (liceat
737 2846 890 2899 concedere
902 2846 985 2915 veris)

334 2931 426 2999 Atque
438 2929 523 2983 etiam
533 2927 664 2981 insanum
675 2947 682 2992 ;
701 2937 811 2982 tantum
823 2929 877 2982 hoc
890 2929 1020 2998 edissere,
1033 2949 1089 3002 quo
1101 2949 1147 2986 me

333 3013 485 3080 Aegrotare
498 3020 579 3081 putes
592 3011 678 3064 animi
690 3010 779 3064 vitio?
814 3012 919 3080 Accipe
931 3032 937 3077 ;
949 3013 1077 3082 primum

334 3094 474 3148 Aedificas
486 3114 493 3160 ;
512 3094 566 3148 hoc
580 3103 630 3160 est,
644 3094 743 3162 longos
756 3093 882 3157 imitaris,
896 3097 932 3150 ab
945 3096 1003 3150 imo

333 3176 379 3228 Ad
392 3193 532 3230 summum
545 3186 620 3230 totus
633 3177 739 3230 moduli
751 3176 889 3246 bipedalis
901 3197 908 3242 ;
927 3188 954 3232 et
967 3179 1042 3232 idem

336 3261 458 3329 Corpore
471 3259 606 3328 majorem
620 3260 694 3314 rides
707 3260 848 3314 Turbonis
862 3260 891 3313 in
905 3262 990 3315 armis
1015 3272 1017 3276 '

336 3341 469 3411 Spiritum
484 3352 511 3396 et
523 3343 680 3397 incessum:
701 3343 748 3412 qui
761 3343 893 3397 ridiculus
906 3345 999 3399 minus
1013 3345 1081 3400 illo?

333 3425 379 3478 An
392 3425 578 3495 quodcunque
590 3425 657 3480 facit
671 3428 832 3493 Maecenas,
845 3436 873 3480 te
886 3444 996 3497 quoque
1008 3445 1104 3483 verum
1117 3440 1168 3497 est,

335 3509 458 3561 Tantum
471 3507 645 3575 dissimilem,
658 3518 686 3562 et
698 3518 778 3563 tanto
791 3519 897 3563 certare
909 3510 1068 3565 minorem?
1150 3548 1172 3585 ³¹
1177 3549 1188 3585 3
