2804 4176
484 475 577 517 maan
600 476 619 518 1.
665 475 777 519 sarran
798 475 838 519 vr.
1029 461 1085 532 187

239 602 381 672 Virgilius,
394 603 544 672 posthunc
557 603 667 671 Varius,
680 604 773 658 dixere
786 605 854 675 quid
867 623 964 660 essem.

240 687 279 741 Ut
292 685 355 739 veni
369 703 481 752 coram;
501 686 644 755 singultim
656 704 747 756 pauca
758 689 875 756 locutus,

239 768 348 838 (Infans
361 786 483 839 namque
495 769 585 838 pudor
597 770 764 838 prohibebat
777 771 857 840 plura
869 771 983 840 profari)
1044 830 1046 838 s

240 853 306 904 Non
320 869 372 920 ego
385 869 431 905 me
444 853 519 906 claro
532 861 630 905 natum
642 862 730 922 patre,
743 870 800 906 non
813 871 865 922 ego
878 854 984 908 circum

239 936 287 987 Me
302 934 466 988 Satureiano
478 935 583 988 vectari
596 952 661 989 rura
673 937 791 1004 caba110,

239 1016 304 1083 Sed,
317 1017 393 1086 quod
406 1034 491 1084 eram,
504 1034 594 1071 narro.
636 1019 810 1087 Respondes,
823 1027 854 1073 ut
866 1028 930 1073 tuus
943 1026 984 1072 est
997 1035 1068 1085 mos,

240 1100 350 1153 Pauca:
371 1101 442 1154 abeo
454 1120 461 1166 ;
481 1110 508 1154 et
521 1118 636 1155 revocas
651 1118 726 1154 nono
739 1111 803 1170 post
816 1118 921 1169 mense,
931 1101 1068 1171 jubesque

240 1183 312 1236 Esse
325 1183 354 1235 in
367 1183 521 1237 amicorum
534 1201 657 1238 numero.
696 1186 834 1252 Magnum
846 1185 899 1237 hoc
913 1201 964 1252 ego
977 1184 1058 1252 duco,

240 1266 323 1335 Quod
336 1267 428 1335 placui
439 1267 498 1334 tibi,
511 1267 559 1337 qui
573 1268 645 1336 turpi
659 1268 779 1320 secernis
792 1268 950 1334 honestum,

240 1350 307 1402 Non
320 1358 399 1418 patre
411 1351 562 1418 praeclaro,
577 1350 627 1403 sed
638 1351 697 1404 vita
710 1360 737 1404 et
750 1361 862 1419 pectore
875 1367 951 1419 puro.

236 1432 321 1501 Atqui
335 1432 358 1486 si
371 1432 446 1486 vitiis
459 1433 645 1486 mediocribus
659 1451 691 1486 ac
705 1451 769 1487 mea
781 1434 877 1503 paucis

238 1515 377 1569 Mendosa
390 1525 432 1568 est
444 1525 551 1577 natura,
568 1517 671 1586 alioqui
684 1526 778 1581 recta;
799 1517 883 1585 (velut
897 1517 920 1569 si

236 1598 357 1667 Egregio
370 1598 511 1668 inspersos
524 1599 711 1668 reprehendas
725 1616 841 1668 corpore
854 1599 969 1666 naevos)

236 1681 265 1736 Si
278 1698 369 1753 neque
382 1683 538 1750 avaritiam,
552 1699 642 1752 neque
656 1682 761 1750 sordes,
774 1692 822 1736 aut
835 1683 910 1735 mala
922 1683 1010 1736 lustra

236 1765 358 1834 Objiciet
370 1781 434 1818 vere
447 1765 597 1835 quisquam
609 1765 678 1818 mihi
691 1785 697 1830 ;
717 1782 802 1834 purus
815 1775 842 1819 et
856 1765 952 1818 insons

236 1847 289 1915 (Ut
300 1865 346 1901 me
360 1848 527 1916 collaudem)
541 1849 565 1903 si
578 1858 605 1902 et
618 1849 682 1902 vivo
695 1866 776 1903 carus
790 1849 905 1903 amicis:

218 2001 220 2006 ,
236 1931 330 1985 Causa
341 1932 392 1985 suit
404 1941 484 2000 pater
496 1932 540 1985 his
553 1951 559 1986 :
580 1933 627 2002 qui
640 1949 736 1985 macro
748 1949 854 2001 pauper
866 1933 956 2001 agello

236 2013 334 2067 Noluit
347 2015 375 2067 in
389 2015 469 2078 Flavi
481 2015 579 2069 ludum
592 2032 637 2068 me
650 2016 767 2082 mittere,
780 2015 876 2084 magni

237 2097 299 2164 Quo
312 2096 389 2165 pueri
402 2097 512 2166 magnis
525 2115 540 2151 e
553 2099 761 2152 centurionibus
775 2099 836 2166 orti,

237 2178 328 2231 Laevo
342 2179 469 2246 suspensi
482 2179 587 2232 loculos
600 2181 780 2250 tabulamque
792 2181 905 2247 lacerto,

237 2260 322 2313 Ibant
335 2260 443 2314 octonis
456 2260 605 2315 reserentes
621 2262 717 2316 Idibus
730 2279 811 2316 aera:

236 2342 292 2396 Sed
305 2359 422 2412 puerum
435 2352 476 2396 est
490 2360 573 2397 ausus
587 2345 708 2396 Romam
721 2354 839 2413 portare,
853 2344 1011 2398 docendum

234 2425 325 2492 Artes,
339 2441 409 2495 quas
423 2425 523 2500 doceat
536 2426 626 2496 quivis
640 2443 724 2497 eques
737 2435 820 2496 atque
834 2436 945 2480 senator

235 2509 330 2562 Semet
343 2517 502 2577 prognatos.
540 2511 654 2562 Vestem
668 2525 816 2578 servosque
830 2518 976 2579 sequentes

235 2591 269 2642 ln
282 2607 385 2659 magno
398 2598 428 2643 ut
441 2591 544 2660 populo
558 2591 580 2644 si
594 2591 640 2661 qui
653 2591 777 2658 vidisset,
790 2592 866 2645 avita

235 2674 278 2726 Ex
291 2690 320 2726 re
333 2673 459 2742 praeberi
473 2683 599 2742 sumptus
612 2674 681 2726 mihi
694 2673 818 2727 crederet
830 2674 899 2728 illos·

236 2758 300 2825 Ipse
313 2757 381 2809 mihi
395 2766 490 2810 custos
503 2756 758 2826 incorruptissimus
771 2774 868 2810 omnes

235 2839 347 2893 Circum
360 2839 488 2893 doctores
502 2839 605 2894 aderat.
645 2840 720 2909 Quid
732 2841 840 2894 multa?
878 2839 1022 2908 Pudicum‚

235 2922 301 2991 (Qui
314 2921 420 2991 primus
432 2921 541 2976 virtutis
554 2922 655 2991 honos)
669 2921 789 2976 servavit
802 2923 839 2976 ab
851 2923 928 2976 omni

236 3005 302 3058 Non
316 3005 407 3058 solum
419 3005 502 3072 sacto,
514 3023 611 3060 verum
624 3005 774 3074 opprobrio
787 3022 897 3076 quoque
910 3007 999 3075 turpi:

236 3089 297 3141 Nec
310 3089 411 3156 timuit,
425 3089 478 3142 sibi
491 3106 527 3142 ne
539 3089 607 3143 vitio
620 3089 682 3159 quis
695 3098 821 3155 verteret,
836 3090 902 3142 olim

234 3170 264 3223 Si
277 3187 378 3240 praeco
391 3188 501 3240 parvaS,
515 3182 562 3226 aut
577 3180 617 3240 (ut
630 3173 681 3226 suit
694 3171 764 3241 ipse)
779 3182 891 3226 coactor

234 3254 380 3308 Mercedes
389 3271 531 3324 sequerer:
546 3272 636 3325 neque
644 3272 696 3324 ego
704 3272 796 3308 essem
804 3264 926 3325 questus,
948 3257 986 3311 At
996 3256 1050 3311 hoc
1058 3275 1132 3312 nunc

235 3338 308 3391 Laus
322 3338 368 3391 ille
380 3338 505 3405 debetur,
519 3347 546 3391 et
559 3356 576 3391 a
588 3355 633 3392 me
646 3339 735 3405 gratia
748 3338 845 3407 major.

236 3420 284 3473 Nil
296 3437 342 3475 me
354 3421 495 3490 poeniteat
509 3438 608 3475 sanum
622 3421 708 3491 patris
722 3421 803 3490 hujus
818 3441 824 3476 :
845 3438 933 3492 eoque

235 3503 308 3570 Non,
321 3513 351 3558 ut
364 3521 468 3574 magna
481 3503 546 3560 dolo
558 3504 664 3559 factum
677 3514 761 3574 negat
775 3521 836 3560 esse
849 3522 899 3559 suo
911 3522 986 3574 pars,
1062 3539 1088 3576 90
