2748 4138
405 442 498 484 nisan
521 443 551 483 rr.
599 441 746 484 Eprsuona
770 443 800 484 11.
966 441 1024 498 279

218 572 377 626 Obscurata
390 570 438 624 diu
451 571 553 639 populo
566 571 656 624 bonus
669 578 754 637 eruet,
767 578 851 639 atque

218 654 341 708 Proferet
354 653 383 706 in
395 654 486 707 lucem
499 653 626 722 speciosa
637 653 774 707 vocabula
785 671 885 720 rerum,

220 739 299 806 Quae
311 736 408 806 priscis
421 745 576 790 memorata
589 736 742 790 Catonibus
756 745 839 806 atque
853 736 983 805 Cethegis

220 822 304 873 Nunc
318 820 386 874 situs
400 819 525 873 informis
538 819 639 888 premit
651 828 679 872 et
691 819 802 872 deserta
814 827 954 873 vetustas:

219 902 366 957 Adsciscet
379 920 460 970 nova,
473 919 544 972 quae
556 903 665 974 genitor
677 902 837 972 produxerit
851 919 924 956 usus.

218 987 377 1040 Vehemens
391 995 418 1039 et
430 985 551 1055 liquidus
565 1002 689 1055 puroque
703 985 858 1039 simillimus
871 985 955 1052 amni,

220 1069 330 1123 Fundet
342 1085 418 1137 opes,
433 1068 597 1137 Latiumque
610 1068 705 1121 beabit
718 1068 803 1121 divite
815 1068 926 1136 lingua:

220 1151 400 1204 Luxuriantia
412 1159 587 1219 compescet3
606 1150 689 1203 nimis
702 1167 802 1219 aspera
814 1168 883 1204 sano

220 1235 336 1287 Levabit
349 1234 423 1289 cultu
435 1253 442 1298 3
461 1234 561 1286 virtute
574 1233 700 1286 carentia
711 1233 805 1287 tollet:

220 1316 353 1370 Ludentis
367 1316 488 1386 speciem
502 1316 598 1380 dabit余
618 1324 645 1369 et
658 1316 838 1386 torquebitur,
853 1316 943 1385 utqui

220 1401 303 1453 Nunc
318 1401 457 1468 Satyrum,
470 1416 544 1452 nunc
557 1408 695 1468 agrestem
709 1399 834 1468 Cyclopa
846 1409 979 1453 movetur.

220 1483 401 1537 Praetulerim
414 1483 532 1550 scriptor
544 1482 647 1535 delirus
660 1471 789 1550 inersque
802 1481 898 1548 videri,

220 1567 297 1620 Dum
309 1583 373 1618 mea
385 1566 523 1619 delectent
536 1565 610 1617 mala
623 1581 676 1631 me,
689 1564 734 1617 vel
747 1564 866 1634 denique
879 1564 984 1630 fallant,

220 1651 312 1718 Quam
325 1665 430 1717 sapere,
444 1656 471 1700 et
484 1647 563 1716 ringi.
602 1647 666 1702 Fuit
679 1647 755 1700 haud
769 1647 899 1716 ignobilis
912 1648 1003 1716 Argis,

221 1732 275 1800 Qui
289 1748 318 1785 se
332 1731 464 1785 credebat
477 1730 562 1783 miros
575 1729 672 1782 audire
685 1731 842 1798 tragoedoS,

221 1816 254 1868 In
267 1832 355 1868 vacuo
368 1814 457 1867 laetus
470 1829 561 1866 sessor
573 1813 741 1882 plausorque
754 1813 864 1866 theatro
877 1831 884 1878 余

221 1899 321 1951 Cetera
333 1897 381 1966 qui
393 1897 467 1949 vitae
481 1905 602 1949 servaret
615 1895 711 1948 munia
723 1904 799 1949 recto

221 1982 310 2047 More,
322 1980 412 2032 bonus
426 1995 494 2031 sane
505 1978 621 2045 vicinus,
635 1977 763 2031 amabilis
776 1978 887 2047 hospes,

222 2063 317 2116 Comis
330 2062 358 2114 in
371 2077 494 2126 uxorem,
506 2077 589 2129 posse
602 2060 649 2130 qui
662 2060 805 2128 ignoscere
819 2065 912 2128 servis,

222 2147 259 2198 Et
272 2145 352 2212 signo
364 2144 440 2196 laeso
453 2160 510 2196 non
523 2142 644 2195 insanire
657 2142 773 2211 lagenae
786 2162 793 2206 余

223 2229 321 2281 Posset
333 2226 379 2296 qui
392 2242 490 2294 rupem
502 2234 530 2278 et
543 2233 658 2293 puteum
670 2225 758 2277 vitare
770 2233 920 2293 patentem.

223 2311 279 2364 Hic
293 2310 339 2363 ubi
353 2317 536 2377 cognatorum
549 2307 648 2376 opibus
662 2307 789 2376 curisque
801 2307 920 2360 refectus

223 2392 337 2462 Expulit
349 2392 490 2444 helleboro
503 2390 632 2443 morbum
644 2388 785 2458 bilemque
798 2406 917 2456 meraco,

223 2478 260 2529 Et
273 2475 344 2529 redit
356 2475 392 2528 ad
406 2491 483 2528 sese:
506 2474 564 2540 Pol,
577 2489 622 2525 me
636 2471 786 2538 occidistis,
800 2473 891 2538 amici,

223 2561 290 2612 Non
303 2557 442 2624 servastis,
456 2557 503 2623 ait,
517 2556 562 2610 cui
576 2554 615 2608 sic
630 2563 738 2608 extorta
750 2555 887 2624 voluptaS,

223 2644 260 2696 Et
273 2642 403 2711 demptus
415 2657 465 2710 per
477 2640 535 2692 vim
547 2637 649 2692 mentis
662 2637 839 2706 gratissimus
853 2655 936 2691 error.

224 2725 365 2778 Nimirum
378 2740 475 2792 sapere
487 2732 530 2776 est
542 2720 659 2790 abjectis
673 2720 740 2774 utile
752 2720 842 2789 nugis,

224 2809 261 2860 Et
274 2806 471 2874 tempestivum
483 2804 575 2874 pueris
589 2803 741 2857 concedere
754 2802 851 2856 ludum
862 2823 869 2867 余

222 2894 263 2945 Ac
277 2907 334 2943 non
346 2890 432 2943 verba
444 2888 523 2958 sequi
536 2888 638 2941 fidibus
651 2886 823 2939 modulanda
836 2886 952 2954 Latinis,

224 2973 282 3028 Sed
293 2989 375 3026 verae
388 2987 573 3041 numerosque
586 2970 740 3039 modosque
754 2969 876 3023 ediscere
889 2970 971 3023 vitae.

225 3055 364 3125 Quocirca
376 3071 486 3108 mecum
498 3055 596 3123 loquor
608 3053 687 3119 haec,
701 3052 856 3122 tacitusque
869 3053 1015 3107 recordor:

224 3139 255 3193 Si
268 3137 320 3192 tibi
332 3137 408 3191 nulla
421 3136 497 3190 sitim
509 3135 600 3189 finiret
613 3134 695 3204 copia
707 3134 846 3203 lymphae,

225 3222 362 3274 Narrares
375 3218 509 3272 medicis:
530 3217 605 3287 quod
618 3224 722 3286 quanto
736 3217 816 3285 plura
828 3207 942 3286 parasti,

223 3305 316 3356 Tanto
329 3303 409 3371 plura
421 3300 509 3370 cupis,
522 3300 626 3353 nulline
639 3298 750 3352 faterier
762 3300 868 3354 audes?

225 3387 255 3440 Si
267 3387 366 3440 volnus
378 3384 430 3438 tibi
443 3392 599 3437 monstrata
610 3382 704 3436 radice
717 3382 760 3435 vel
772 3382 860 3436 herba

226 3471 292 3523 Non
305 3469 381 3523 fieret
395 3467 490 3534 leviuS,
503 3465 620 3536 fugeres,
633 3464 727 3519 radice
740 3466 784 3518 vel
796 3465 884 3520 herba
1009 3499 1044 3534 150
