2766 4162
411 436 505 477 manu
531 436 561 477 11.
607 436 739 478 carrum
763 437 830 477 xm.
1007 424 1023 478 6
1028 441 1044 495 3

304 566 379 636 Quid
392 566 508 636 quisque
520 567 597 633 vitet,
611 553 754 637 nunquam
767 568 874 621 homini
888 570 956 622 satis

305 650 425 702 Cautum
438 659 480 720 est
493 649 522 701 in
534 651 627 703 horas.
668 651 773 703 Navita
786 652 942 720 Bosporum

338 732 446 784 Poenus
460 732 652 800 perhorrescit,
665 749 755 802 neque
768 734 840 787 ultra

373 801 464 868 Caeca
477 815 556 868 timet
569 815 681 869 aliunde
694 816 752 869 fata
763 836 780 880 ;·

304 972 386 1026 Miles
400 973 517 1041 sagittas
531 983 557 1027 et
570 975 688 1027 celerem
700 973 796 1042 fugam

304 1056 418 1120 Parthi;
437 1066 551 1110 catenas
566 1057 685 1110 Parthus
698 1067 726 1110 et
741 1058 842 1110 Italum

338 1139 451 1192 Robur:
472 1139 522 1193 sed
535 1140 687 1209 improvisa
699 1140 746 1193 leti

374 1221 424 1274 Vis
437 1222 529 1290 rapuit
541 1223 684 1292 rapietque
696 1231 801 1290 gentes,

304 1379 397 1448 Quam
409 1395 498 1447 paene
511 1377 605 1431 furvae
618 1395 705 1446 regna
719 1380 908 1448 Proserpinae,

305 1462 342 1514 Et
351 1461 525 1529 judicantem
538 1461 659 1514 vidimus
672 1462 805 1528 Aeacum,

339 1544 481 1613 Sedesque
494 1544 630 1597 discretas
643 1544 761 1612 piorum,
775 1555 802 1598 et

373 1627 478 1680 Aeoliis
491 1627 593 1681 fidibus
606 1638 767 1698 querentem

305 1786 419 1854 Sappho
432 1786 531 1854 puellis
544 1786 579 1839 de
591 1788 780 1856 popularibus

306 1869 343 1921 Et
356 1878 382 1921 te
396 1878 543 1922 sonantem
556 1869 664 1939 plenius
678 1887 770 1935 aureo,

338 1952 449 2018 Alcaee‚
462 1952 567 2020 plectro
580 1949 651 2005 dura
663 1954 751 2020 navis,

375 2036 454 2088 Dura
466 2033 548 2103 fugae
560 2037 643 2103 mala,
657 2037 726 2090 dura
738 2037 804 2090 belli
817 2039 822 2089 !

306 2192 464 2262 Utrumque
479 2208 558 2245 sacro
571 2192 657 2259 digna
670 2193 780 2246 silentio

307 2274 446 2328 Mirantur
459 2274 586 2327 Umbrae
598 2274 690 2327 dicere
703 2294 708 2327 :
730 2276 780 2328 sed
792 2275 882 2343 magis

341 2359 452 2425 Pugnas
466 2367 492 2410 et
506 2366 618 2409 exactos
632 2366 765 2424 tyrannos

376 2441 503 2493 Densum
514 2439 638 2492 humeris
650 2439 722 2492 bibit
735 2456 800 2493 aure
813 2440 917 2508 volgus.

308 2596 382 2665 Quid
395 2596 505 2663 mirum,
518 2597 566 2650 ubi
579 2597 633 2650 illis
647 2595 817 2649 carminibus
830 2606 944 2664 stupens

307 2679 438 2732 Demittit
451 2689 525 2732 atras
538 2681 621 2733 belua
634 2679 775 2747 centiceps

341 2764 438 2828 Aures,
451 2771 478 2815 et
492 2762 586 2816 intorti
600 2761 707 2831 capillis

377 2844 566 2898 Eumenidum
579 2854 737 2899 recreantur
750 2846 874 2913 angues?

307 3002 381 3070 Quin
394 3011 421 3054 et
435 2999 617 3053 Prometheus
630 3009 658 3052 et
672 3000 782 3068 Pelopis
795 3017 897 3068 parens

306 3084 390 3137 Dulci
402 3083 531 3136 laborum
544 3080 681 3148 decipitur
694 3099 763 3135 sono
775 3101 781 3146 ;

342 3169 403 3220 Nec
417 3175 496 3220 curat
509 3164 596 3218 Orion
608 3163 712 3232 leones,

376 3252 432 3302 Aut
446 3247 559 3302 timidos
573 3246 679 3315 agitare
691 3249 795 3316 lyncas.
