2804 4176
330 459 389 511 204
582 451 712 495 aonam
735 449 916 494 summum

333 580 477 634 Imbecilla
488 581 570 634 volet.
608 580 673 634 Tibi
686 579 821 650 quidnam
833 579 948 633 accedet
960 578 997 632 ad
1008 578 1101 646 istam,

332 666 425 734 Quam
437 679 507 734 puer
518 673 546 718 et
558 663 666 718 validus
679 663 843 733 praesumis,
856 662 1002 717 mollitiem
1014 682 1020 726 ;
1039 679 1087 716 seu

332 748 412 800 Dura
424 747 555 801 valetudo
567 746 703 813 inciderit,
717 762 765 800 seu
777 746 860 800 tarda
871 747 1017 800 senectus?

301 881 303 884 .
332 829 492 886 Rancidum
504 846 603 899 aprum
615 828 724 899 antiqui
735 828 897 896 laudabant,
910 845 968 883 non
980 829 1047 898 quia
1057 843 1143 881 nasus

332 913 391 966 Illis
403 913 495 967 nullus
507 922 574 979 erat,
588 911 646 979 sed,
659 911 751 978 credo,
764 911 818 965 hac
830 920 933 978 mente,
946 910 1022 981 quod
1030 911 1133 980 hospes

331 995 451 1050 Tardius
463 995 614 1049 adveniens
626 995 755 1049 vitiatum
768 995 951 1062 commodius,
964 1012 1049 1065 quam

332 1080 475 1148 Integrum
487 1079 558 1133 edax
568 1078 698 1133 dominus
709 1088 891 1132 consumeret.
918 1080 980 1132 Hos
990 1079 1098 1133 utinam
1107 1077 1179 1131 inter

332 1164 442 1216 Heroas
455 1172 552 1216 natum
564 1162 645 1216 tellus
658 1177 703 1215 me
715 1161 807 1231 prima
819 1161 945 1215 tulisset!

332 1246 392 1298 Das
406 1243 511 1314 aliquid
523 1243 624 1312 famae,
637 1259 709 1314 quae
722 1244 845 1297 carmine
854 1243 959 1312 gratior
971 1259 1066 1297 aurem

332 1329 458 1397 Occupet
470 1327 644 1381 humanam?
662 1326 783 1396 grandes
795 1326 906 1380 rhombi
918 1326 1086 1396 patinaeque

332 1410 445 1464 Grande
458 1409 548 1464 ierunt
560 1426 693 1464 unacum
705 1409 810 1463 damno
823 1408 961 1464 dedecus:
983 1409 1055 1463 adde

332 1494 438 1547 Iratum
450 1501 588 1564 patruum,
601 1491 717 1560 vicinoS,
730 1501 758 1546 te
770 1491 821 1546 tibi
834 1491 968 1562 iniquum,

331 1577 369 1630 Et
381 1576 483 1630 frustra
494 1575 592 1628 mortis
604 1575 745 1644 cupidum,
758 1591 823 1630 cum
835 1575 923 1629 deerit
935 1575 1027 1644 egenti

330 1659 379 1722 As,
391 1657 484 1728 laquei
496 1656 624 1726 pretium.
660 1659 733 1726 Jure,
747 1656 845 1727 inquit,
858 1657 992 1712 Trausius
1006 1657 1066 1712 istis

330 1742 460 1809 Jurgatur
471 1739 563 1794 verbis
574 1757 580 1793 :
602 1741 664 1809 Ego
676 1739 824 1809 vectigalia
835 1757 940 1810 magna

332 1822 506 1891 Divitiasque
518 1822 610 1875 habeo
623 1822 711 1876 tribus
724 1823 832 1892 amplas
845 1823 965 1892 regibus.
1003 1823 1078 1892 Ergo

332 1903 414 1973 Quod
427 1912 546 1973 superat,
558 1920 616 1958 non
628 1914 671 1958 est
683 1903 782 1958 melius
795 1921 850 1974 quo
863 1905 1001 1959 insumere
1013 1903 1125 1974 possis?

333 1987 388 2040 Cur
401 1995 463 2054 eget
475 1985 605 2054 indignus
618 1985 775 2056 quisquam,
787 1996 815 2041 te
826 1981 933 2041 divite?
971 1988 1063 2056 Quare

332 2069 452 2138 Templa
463 2078 545 2122 ruunt
557 2069 673 2139 antiqua
687 2070 801 2124 Deum?
838 2071 902 2137 Cur,
914 2070 1050 2139 improbe,
1062 2085 1143 2123 carae

333 2153 400 2206 Non
412 2150 517 2221 aliquid
529 2151 635 2221 patriae
648 2161 727 2206 tanto
740 2153 862 2207 emetiris
875 2153 995 2207 acervo?

333 2235 391 2289 Uni
403 2234 533 2290 nimirum
545 2243 620 2289 recte
632 2235 684 2289 tibi
697 2251 808 2305 semper
819 2245 899 2290 erunt
911 2252 963 2290 res.
996 2289 999 2294 ,

332 2320 357 2372 Ο
370 2334 488 2387 magnus
500 2318 617 2387 posthac
631 2317 752 2372 inimicis
764 2319 854 2373 risus!
892 2320 1001 2373 Uteme

330 2401 376 2455 Ad
388 2417 470 2455 casus
482 2399 582 2455 dubios
595 2399 662 2455 fidet
675 2401 728 2454 sibi
741 2401 865 2456 certius?
903 2402 968 2469 Hic,
982 2401 1029 2471 qui

332 2484 460 2538 Pluribus
473 2483 595 2537 adsuerit
607 2493 730 2538 mentem
742 2501 899 2555 corpusque
911 2485 1081 2554 superbum?

330 2567 376 2619 An
389 2566 445 2636 qui,
457 2575 604 2620 contentus
616 2582 703 2635 parvo
715 2575 898 2637 metuensque
910 2566 1003 2634 futuri,

333 2648 366 2700 In
378 2664 455 2717 pace,
468 2657 499 2702 ut
512 2647 633 2717 sapiens,
646 2647 749 2717 aptarit
761 2648 863 2702 idonea
874 2649 968 2703 bello?

332 2733 394 2800 Quo
406 2730 496 2800 magis
509 2730 554 2784 his
566 2730 664 2784 credas
676 2749 683 2795 3
701 2747 770 2800 puer
781 2731 855 2785 hunc
868 2748 921 2800 ego
933 2747 1035 2800 parvus
1048 2730 1168 2786 Ofellum

258 2869 261 2874 ,
332 2813 450 2882 Integris
463 2812 563 2884 opibus
576 2812 641 2866 novi
654 2829 711 2866 non
723 2812 806 2868 latius
819 2830 909 2880 usum,

332 2898 424 2966 Quam
436 2912 509 2950 nunc
523 2895 630 2950 accisis.
667 2896 771 2950 Videas
784 2905 889 2952 metato
901 2897 931 2950 in
944 2897 1033 2966 agelio

332 2980 403 3032 Cum
414 2994 514 3048 pecore
527 2988 555 3032 et
566 2978 659 3047 gnatis
671 2977 771 3033 fortem
783 2980 912 3034 mercede
924 2980 1062 3047 colonum,

333 3062 399 3114 Non
412 3077 472 3131 ego,
485 3071 653 3129 narrantem,
666 3069 770 3116 temere
782 3061 827 3116 edi
840 3063 900 3117 luce
913 3062 1035 3132 profesta

333 3143 491 3214 Quidquam
503 3154 612 3215 praeter
624 3145 693 3213 olus,
705 3145 831 3200 fumosae
842 3163 907 3202 cunr
919 3147 990 3216 pede
1002 3163 1111 3216 pernae.

330 3229 372 3281 Ac
385 3226 454 3280 mihi
467 3243 515 3281 seu
528 3229 643 3297 longum
655 3237 719 3297 post
731 3238 841 3300 tempus
853 3239 967 3284 venerat
978 3230 1090 3299 hospes,

333 3310 397 3365 Sive
410 3326 524 3379 operum
536 3327 625 3365 vacuo
636 3320 732 3380 gratus
745 3312 863 3366 conviva
874 3329 924 3382 per
935 3312 1054 3368 imbrem

331 3391 454 3459 Vicinus,
467 3391 540 3446 bene
551 3402 618 3459 erat,
632 3409 688 3447 non
701 3393 824 3464 piscibus
837 3395 906 3448 urbe
917 3393 1039 3464 petitia}

334 3473 390 3528 Sed
401 3473 477 3543 pullo
489 3482 573 3542 atque
584 3474 693 3530 haedo:
713 3484 773 3529 tum
785 3475 900 3545 pensilis
912 3493 967 3531 uva
979 3477 1117 3532 secundas
1141 3499 1175 3528 ιιι
