2748 4138
514 443 572 486 nus
596 443 734 486 poemen.
986 426 1043 498 285

237 572 349 628 Dixeris
362 571 480 642 egregie,
493 582 590 628 notum
603 573 627 627 si
639 573 741 627 callida
753 572 868 627 verbum

204 647 207 653 ’
235 656 401 711 Reddiderit
410 657 542 726 junctura
553 674 664 710 novum.
702 656 732 710 Si
746 655 815 710 forte
827 671 941 709 necesse
954 663 997 708 est

237 739 351 794 Indiciis
364 749 520 794 monstrare
531 739 689 793 recentibus
702 739 799 792 abdita
810 755 910 805 rerum,

236 823 355 891 Fingere
368 822 498 876 cinctutis
512 839 568 876 non
582 821 712 876 exaudita
725 821 855 890 Cethegis

236 906 386 975 Continget
399 925 406 970 ;
424 905 591 975 dabiturque
603 905 716 959 licentia
728 915 839 974 sumpta
851 904 996 975 pudenter.

239 990 277 1042 Et
288 1006 363 1042 nova
375 989 496 1058 fictaque
508 1005 597 1058 nuper
608 989 752 1043 habebunt
764 989 850 1042 verba
862 988 954 1055 fidem,
968 987 991 1041 si

238 1073 348 1125 Graeco
358 1071 435 1125 lonte
447 1071 557 1139 cadent,
571 1088 654 1141 parce
667 1072 784 1127 detorta.
825 1071 898 1140 Quid
912 1081 1006 1124 autem

238 1154 360 1208 Caecilio
374 1155 529 1224 Plautoque
541 1154 620 1208 dabit
634 1156 778 1208 Romanus
791 1154 954 1224 ademptum
1027 1149 1028 1154 '

236 1237 353 1306 Virgilio
364 1237 528 1307 Varioque?
564 1238 626 1306 Ego
639 1254 696 1305 cur,
709 1237 851 1307 acquirere
863 1254 953 1306 pauca

238 1319 268 1372 Si
280 1337 404 1389 possum,
418 1321 551 1388 invideor,
566 1337 631 1374 cum
642 1320 738 1389 lingua
751 1320 867 1374 Catonis
880 1328 907 1373 et
920 1320 995 1373 Enni

239 1404 402 1457 Sermonem
415 1403 537 1473 patrium
551 1403 688 1470 ditaverit,
702 1412 729 1457 et
741 1419 815 1455 nova
827 1419 918 1455 rerum

241 1485 365 1538 Nomina
376 1486 540 1555 protulerit?
560 1485 658 1553 Licuit,
672 1500 836 1554 semperque
848 1484 952 1552 licebit,

240 1568 388 1636 Signatum
400 1577 548 1636 praesente
560 1576 631 1634 nota,
640 1568 792 1637 producere
805 1583 917 1621 nomen.

240 1651 282 1703 Ut
295 1649 382 1703 silvae
394 1648 467 1703 foliis
480 1666 584 1718 pronos
597 1659 740 1703 mutantur
753 1649 782 1702 in
795 1666 884 1703 annos
897 1668 904 1712 ;

240 1733 334 1786 Prima
346 1733 466 1786 cadunt:
486 1733 526 1786 ita
537 1734 685 1788 verborum
698 1741 778 1787 vetus
792 1732 884 1786 interit
897 1740 983 1799 aetas,

241 1817 279 1869 Et
289 1815 423 1885 juvenum
436 1815 490 1870 ritu
503 1815 602 1869 florent
614 1816 700 1870 modo
712 1823 780 1868 nata
791 1815 948 1884 vigentque.

242 1899 385 1953 Debemur
397 1899 480 1952 morti
492 1915 545 1952 nos
557 1908 708 1968 nostraque
720 1918 727 1964 ;
746 1899 804 1952 sive
817 1907 945 1968 receptus

240 1983 328 2034 Terra
341 1983 489 2050 Neptunus
503 1982 605 2036 classes
620 1982 796 2052 aquilonibus
809 1990 892 2048 arcet,

242 2064 328 2133 Regis
340 2080 410 2133 opus
421 2082 428 2128 ;
448 2064 583 2118 sterilisve
595 2065 643 2119 diu
655 2066 744 2134 palus,
757 2073 877 2134 aptaque
889 2064 981 2131 remis,

242 2146 358 2199 Vicinas
371 2146 453 2199 urbes
466 2146 523 2212 alit,
536 2156 563 2200 et
575 2164 659 2216 grave
672 2147 756 2201 sentit
769 2156 891 2200 aratrum
902 2166 909 2210 ;

245 2231 302 2284 Seu
315 2245 428 2282 cursum
439 2229 557 2282 mutavit
570 2229 695 2299 iniquum
707 2229 831 2297 frugibus
844 2229 943 2296 amnis,

245 2313 354 2365 Doctus
367 2310 418 2363 iter
430 2310 529 2365 melius
541 2331 548 2375 ;
567 2311 696 2365 mortalia
708 2311 782 2364 facta
794 2311 939 2379 peribunt:

244 2395 358 2448 Nedum
372 2410 532 2448 sermonum
546 2403 599 2447 stet
611 2395 710 2462 honos,
723 2403 749 2448 et
762 2394 852 2462 gratia
863 2394 952 2448 vivax.

245 2478 336 2531 Multa
347 2485 535 2543 renascentur,
548 2494 618 2547 quae
628 2477 689 2547 jam
701 2477 826 2531 cecidere
837 2497 844 2541 ;
863 2477 1018 2547 cadentque

246 2562 324 2629 Quae
337 2576 411 2613 nunc
425 2569 490 2614 sunt
503 2560 531 2613 in
544 2560 649 2614 honore
661 2560 806 2626 vocabula,
818 2560 842 2613 si
855 2561 929 2614 volet
940 2578 1015 2627 usus,

246 2646 336 2714 Quem
348 2660 434 2714 penes
447 2643 592 2698 arbitrium
605 2653 647 2701 est
660 2653 687 2698 et
696 2644 743 2713 jus
756 2653 784 2698 et
796 2661 895 2698 norma
907 2644 1046 2714 loquendi.

246 2729 303 2780 Res
315 2735 410 2796 gestae
423 2743 574 2796 regumque
587 2726 753 2797 ducumque,
766 2737 793 2781 et
806 2727 896 2780 tristia
907 2727 989 2794 bella,

248 2812 310 2880 Quo
324 2809 408 2863 scribi
420 2821 535 2879 possent
548 2827 673 2878 numero,
686 2810 852 2865 'monstravit
867 2812 1015 2866 Homerus.

245 2893 378 2948 Versibus
392 2892 534 2962 impariter
542 2894 648 2962 junctis
661 2893 833 2964 querimonia
844 2894 965 2963 primum
976 2913 983 2959 ;

248 2978 315 3030 Post
327 2976 413 3030 etiam
425 2976 533 3030 inclusa
547 2987 589 3031 est
601 2977 658 3031 voti
671 2977 811 3030 sententia
823 2992 946 3046 compos.

249 3059 318 3129 Quis
331 3068 425 3113 tamen
438 3059 552 3128 exiguos
565 3060 658 3130 elegos
671 3059 793 3113 emiserit
805 3069 909 3126 auctor,

249 3142 432 3197 Grammatici
445 3152 560 3210 certant,
574 3152 601 3196 et
614 3143 705 3197 adhuc
720 3143 772 3196 sub
781 3142 876 3211 judice
890 3143 924 3197 lis
936 3153 986 3197 est.

247 3225 447 3280 Archilochum
460 3225 573 3295 proprio
585 3226 678 3279 rabies
691 3225 809 3279 armavit
821 3225 933 3281 iambo:

250 3312 335 3365 Hunc
348 3309 423 3364 socci
436 3325 533 3379 cepere
545 3310 647 3380 pedem
659 3309 835 3379 grandesque
847 3308 984 3378 cothurni,

249 3393 371 3448 Alternis
384 3401 481 3463 aptum
494 3393 677 3461 sermonibus,
690 3401 718 3446 et
729 3392 877 3462 populares

250 3477 417 3531 Vincentem
430 3475 570 3545 strepitus,
582 3485 610 3532 et
622 3486 721 3531 natum
732 3475 815 3530 rebus
828 3475 951 3545 agendis.
1040 3497 1064 3536 ε,
