2804 4176
333 478 392 546 164

552 491 684 534 HORATII
707 492 833 536 EPODON
857 492 956 535 LIBER.

434 621 534 690 Neque
547 619 575 673 in
589 620 742 690 sepulchris
755 637 910 690 pauperum
922 622 1045 691 prudens
1058 639 1129 677 anus

434 702 623 757 Nouendiales
636 703 773 773 dissipare
785 705 921 773 pulveres.

431 786 496 840 Tibi
509 786 647 855 hospitale
659 795 765 855 pectus,
778 797 805 841 et
818 805 903 856 purae
916 805 1026 855 manus,

431 871 564 940 Tuusque
576 880 673 924 venter
686 871 873 938 Pactumeius,
887 880 915 924 et
927 881 975 925 tuo

433 955 536 1006 Cruore
548 953 646 1007 rubros
660 953 795 1007 obstetrix
807 971 916 1023 pannos
929 955 1006 1021 lavit,

432 1037 583 1106 Utcunque
595 1036 674 1090 fortis
687 1037 781 1090 exsilis
793 1053 936 1106 puerpera„

661 1181 839 1225 RESPONSIO.

432 1278 507 1348 Quid
520 1279 655 1333 obseratis
669 1278 782 1333 auribus
794 1277 887 1331 fundis
901 1279 1016 1346 preces?

431 1363 498 1415 Non
512 1379 580 1415 saxa
590 1361 673 1416 nudis
687 1360 814 1415 surdiora
825 1361 927 1414 navitis

431 1445 580 1514 Neptunus
593 1445 650 1499 alto
663 1443 755 1499 tundit
768 1444 901 1512 hibernus
914 1445 982 1498 salo,

431 1528 539 1581 Inultus
552 1538 583 1582 ut
594 1537 625 1581 tu
637 1527 731 1580 riseris
746 1526 870 1594 Cotyttia

428 1611 558 1679 Volgata,
571 1627 683 1664 sacrum
694 1611 775 1664 liberi
790 1609 956 1679 Cupidinis?

430 1695 468 1747 Et
481 1693 619 1763 Esquilini
631 1692 755 1762 pontifex
767 1692 885 1746 venefici

430 1778 548 1845 Impune
560 1785 591 1830 ut
605 1776 713 1830 Urbem
725 1775 839 1828 nomine
852 1774 974 1844 impleris
987 1775 1069 1828 meo?

430 1860 504 1930 Quid
517 1859 647 1928 proderat
660 1859 765 1913 ditasse
779 1859 909 1928 Pelignas
922 1875 1001 1925 anus,

427 1943 593 1996 Velociusve
605 1942 751 1995 miscuisse
763 1942 905 1996 toxicum?

429 2025 486 2079 Sed
498 2024 622 2079 tardiora
633 2025 692 2079 fata
704 2033 731 2078 te
743 2024 815 2079 votis
828 2034 951 2078 manent.

430 2109 544 2176 Ingrata
555 2107 658 2161 misero
671 2107 730 2161 vita
741 2107 871 2161 ducenda
882 2116 925 2161 est
938 2107 967 2160 in
979 2108 1042 2175 hoc,

402 2214 404 2221 ¹
429 2190 518 2244 Novis
531 2199 561 2244 ut
574 2206 662 2260 usque
674 2198 807 2258 suppetas
819 2190 971 2244 laboribus.

429 2275 516 2344 Optat
529 2273 654 2343 quietum
667 2272 778 2342 Pelopis
791 2272 869 2327 infidi
881 2282 969 2342 pater,

429 2355 675 2425 Egensbenignae
687 2356 823 2411 Tantalus
837 2371 947 2425 semper
958 2355 1039 2426 dapis
1051 2375 1058 2421 ;
1146 2414 1158 2438 ⁶

428 2440 515 2509 Optat
529 2439 711 2493 Prometheus
724 2438 864 2507 obligatus
877 2439 936 2492 aliti
948 2459 956 2504 ;

428 2524 515 2592 Optat
529 2538 658 2591 supremo
671 2523 808 2577 collocare
822 2521 959 2590 Sisyphus

428 2606 462 2658 In
474 2613 570 2658 monte
582 2621 680 2658 saxum
691 2623 698 2669 ;
717 2605 767 2658 sed
780 2612 876 2659 vetant
888 2605 963 2673 leges
975 2604 1062 2673 Jovis.

426 2689 511 2742 Voles
523 2688 609 2742 modo
622 2689 685 2742 altis
698 2687 808 2742 desilire
821 2687 951 2754 turribus,

428 2771 514 2826 Mode
527 2787 593 2824 ense
605 2780 703 2840 pectus
718 2770 823 2825 Norico
836 2770 995 2835 recludere;

427 2855 597 2923 Frustraque
609 2853 702 2907 vincla
713 2852 818 2921 gutturi
830 2861 926 2906 nectes
938 2862 996 2920 tuo,

427 2935 587 2989 Fastidiosa
599 2934 686 2990 tristis
700 2934 880 3003 aegrimonia.

424 3019 567 3073 Vectabor
577 3018 700 3072 humeris
714 3027 780 3072 tuuc
793 3035 845 3087 ego
857 3017 978 3073 inimicis
992 3035 1086 3088 eques,

426 3103 565 3171 Meaeque
577 3111 651 3155 terra
664 3100 744 3155 cedet
757 3101 928 3155 insolentiae.

424 3187 478 3251 An,
491 3201 563 3254 quae
575 3200 687 3239 movere
699 3199 794 3238 cereas
807 3183 952 3252 imagines,

427 3269 468 3321 Ut
481 3267 540 3337 ipse
553 3267 628 3321 nosti
641 3266 775 3334 curiosus,
788 3275 815 3320 et
827 3266 892 3336 polo

426 3349 561 3419 Deripere
575 3351 683 3404 Lunam
695 3349 810 3404 vocibus
823 3349 930 3418 possim
942 3345 1021 3414 meis,

427 3432 537 3485 Possim
550 3442 688 3486 crematos
701 3432 821 3486 excitare
833 3441 967 3497 mortuos,

428 3514 612 3584 Desiderique
624 3523 779 3583 temperare
791 3514 910 3582 pocula;

428 3598 538 3651 Plorem
550 3597 617 3651 artis
631 3596 660 3650 in
672 3607 700 3650 te
712 3596 752 3650 nil
764 3595 872 3664 agentis
886 3595 1010 3650 exitum?
