2804 4176
360 433 418 487 194
457 489 458 492 Ἴ
610 429 740 473 HORATII
764 429 945 473 SATIRARUM

354 559 500 613 Proximus
512 575 580 613 esse.
617 559 694 613 Velis
706 559 900 614 tantummodo
911 579 919 625 ;
938 575 1009 630 quae
1022 567 1070 613 tua
1081 558 1178 626 virtus,

354 642 554 711 Expugnabis;
573 651 600 696 et
613 651 654 696 est
667 642 715 712 qui
726 642 801 697 vinci
813 642 911 713 possit,
923 659 1012 714 eoque

355 724 489 778 Difficiles
501 725 593 779 aditus
605 725 710 795 primos
722 725 816 779 habet.
855 725 942 779 Haud
953 725 1022 778 mihi
1035 724 1135 778 deero:

354 808 518 863 Muneribus
531 825 625 863 servos
637 826 814 880 corrumpam
825 830 832 874 ;
851 828 916 877 non,
929 810 1013 864 hodie
1026 810 1050 863 si

354 893 490 946 Exelusus
502 891 587 960 fuero,
600 892 735 947 desistam
746 911 753 957 ;
771 902 899 962 tempora
910 909 1043 962 quaeram
1054 912 1061 956 3

353 976 505 1028 Occurram
518 974 547 1028 in
559 975 646 1029 triviis
658 994 665 1040 3
683 975 828 1029 deducam.
868 975 917 1028 Nil
929 975 988 1028 sine
1000 991 1104 1044 magno

351 1057 417 1110 Vita
429 1058 523 1112 labore
536 1057 613 1111 dedit
625 1058 796 1112 mortalibus.
835 1059 914 1112 Haec
928 1058 995 1111 dum
1007 1057 1073 1126 agit,
1086 1073 1159 1123 ecce,

352 1141 459 1194 Fuscus
472 1140 591 1194 Aristius
605 1140 731 1207 occurrit,
744 1140 813 1194 mihi
826 1157 916 1207 carus,
929 1150 956 1194 et
968 1141 1046 1195 illurn

353 1223 407 1291 Qui
419 1223 534 1292 pulchre
546 1233 648 1278 nosset.
686 1223 880 1278 Consistimus.
919 1223 1003 1278 Unde
1015 1223 1113 1278 venis?
1130 1232 1165 1288 et,

352 1308 415 1375 Quo
427 1306 538 1360 tendis?
556 1316 644 1375 rogat,
656 1315 684 1360 et
695 1306 852 1377 respondet.
889 1307 997 1360 Vellere
1010 1303 1097 1375 coepi,

351 1390 388 1442 Et
400 1406 526 1458 pressare
538 1406 624 1443 mauu
636 1389 792 1443 lentissima
803 1389 927 1457 brachia,
940 1399 1050 1456 nutans,

350 1473 536 1542 Distorquens
549 1473 653 1540 oculos,
665 1480 696 1526 ut
708 1489 753 1526 me
765 1472 889 1542 eriperet.
927 1473 1003 1526 Male
1017 1472 1106 1526 salsus

350 1556 457 1610 Ridens
469 1555 660 1610 dissimulare:
681 1571 775 1608 meum
783 1555 863 1624 jecur
875 1572 953 1609 urere
965 1555 1036 1609 bilis.

351 1642 432 1694 Certe
444 1641 538 1694 nescio
551 1639 618 1709 quid
631 1648 738 1693 secreto
750 1640 820 1693 velle
833 1639 908 1709 loqui
921 1649 948 1692 te

348 1723 452 1776 Aiebas
465 1739 582 1781 mecum.
620 1721 739 1776 Memini
750 1722 823 1776 bene
835 1742 842 1787 ;
861 1722 911 1776 sed
923 1723 1036 1776 meliore

331 1836 333 1840 ·
349 1807 487 1876 Tempore
499 1805 608 1859 dicam:
628 1805 712 1859 hodie
724 1805 865 1859 tricesima
878 1806 1012 1860 sabbata:
1032 1805 1079 1858 vin
1092 1814 1121 1858 tu

350 1888 441 1941 Curtis
453 1888 567 1958 Judaeis
580 1887 738 1958 oppedere?
776 1889 861 1943 Nulla
873 1889 950 1955 mihi,
964 1889 1086 1958 inquam,

349 1972 459 2041 Religio
472 1980 521 2025 est.
557 1973 596 2025 At
608 1971 664 2024 mi:
685 1988 747 2025 sum
759 1972 843 2040 paulo
856 1971 997 2038 infirmior,
1012 1987 1083 2024 unus

349 2055 510 2109 Multorum.
550 2056 700 2124 Ignosces;
720 2054 788 2108 alias
800 2055 916 2125 loquar..
944 2053 1074 2108 Huncine
1087 2054 1174 2107 solem

349 2139 421 2191 Tam
433 2137 543 2206 nigrum
556 2154 667 2192 surrexe
679 2137 749 2190 mihi
761 2141 766 2192 !
805 2138 887 2207 Fugit
900 2138 1052 2207 improbus,
1064 2153 1097 2191 ac
1109 2153 1155 2190 me

348 2221 407 2274 Sub
420 2222 508 2275 cultro
520 2221 628 2291 linquit.
667 2221 742 2275 Casu
753 2222 829 2275 venit
841 2221 938 2275 obvius
952 2220 990 2274 illi

347 2303 529 2357 Adversarius
541 2323 548 2369 ;
567 2313 603 2371 et,
617 2305 679 2374 Quo
692 2313 731 2372 tu,
744 2304 922 2374 turpissime?
941 2320 1045 2373 magna

349 2386 487 2440 Inclamat
498 2404 575 2455 voce,
584 2396 628 2441 et:
649 2387 726 2448 Licet
739 2387 892 2441 antestari?
929 2387 991 2455 Ego
1003 2403 1069 2450 vero

348 2472 468 2539 Oppono
481 2471 642 2525 auriculam.
680 2470 766 2539 Rapit
779 2470 808 2524 in
817 2470 879 2539 jus:
900 2470 1005 2522 clamor
1017 2469 1144 2538 utrinque
1155 2488 1162 2533 3

348 2553 481 2624 Undique
494 2570 651 2609 concursus.
690 2555 736 2609 Sic
749 2570 795 2607 me
807 2553 927 2607 servavit
938 2552 1046 2622 Apollo.
1171 2573 1194 2621 78

680 2847 844 2902 SATIRA
872 2848 909 2900 X.

448 2980 552 3047 Lucili,
564 2997 649 3050 quam
661 2980 701 3033 sis
713 2980 866 3046 mendosus,
879 2984 944 3033 teste
958 2979 1061 3033 Catone

447 3063 598 3132 Dey‘e’nsore
609 3068 658 3116 tuo
664 3063 842 3132 pervincum,
855 3063 908 3131 qui
918 3061 1088 3131 malefactus

446 3146 609 3200 Emendare
614 3150 705 3215 parat
716 3162 820 3199 versus.
857 3145 920 3200 Hoc
931 3145 1023 3198 lenius
1036 3143 1091 3209 ille,

446 3229 504 3282 Est
513 3245 568 3298 quo
580 3229 630 3282 vir
640 3228 758 3282 melior:
776 3228 857 3300 longe
867 3227 999 3281 subtilior
1010 3227 1068 3294 illo,

448 3312 509 3381 Qui
518 3311 640 3365 multum
647 3316 725 3381 puer
735 3317 763 3365 et
773 3311 841 3365 loris
852 3316 880 3364 ct
881 3311 1007 3380 funibus
1019 3309 1083 3363 udis

445 3394 631 3461 Exhonatus,
643 3399 678 3448 ut
687 3400 755 3449 esset
765 3399 842 3464 opem
855 3393 990 3463 quiserre
996 3392 1088 3462 poeta

445 3477 586 3545 Antiqua
591 3480 686 3545 posset
696 3477 920 3547 contrasastidia
932 3480 1037 3542 nostra,
