2804 4176
483 456 577 503 uranu
600 457 619 504 1.
664 459 776 504 sarran
798 461 830 505 11.
1020 461 1075 521 171

253 591 332 658 Esse,
346 589 425 644 daret
438 599 574 660 quantum
587 589 655 644 satis
669 599 752 658 esset,
764 607 816 645 nee
830 589 884 644 sibi
897 590 1001 645 damno

253 674 447 744 Dedecorique
459 673 537 727 foret.
574 675 679 727 Verum
692 673 746 727 hoc
760 691 789 727 se
802 674 981 743 amplectitur
993 690 1067 736 uno;

252 758 317 811 Hoc
330 767 415 824 amat,
428 766 456 810 et
468 757 564 811 laudat
576 776 583 821 ;
603 758 767 810 Matronam
779 757 885 810 nullam
899 773 951 826 ego
962 767 1055 826 tango.

252 842 293 894 Ut
306 841 449 911 quondam
463 841 618 907 Marsaeus,
632 849 741 893 amator
754 840 879 909 Originis
892 840 947 907 ille,

252 923 308 992 Qui
320 923 442 992 patrium
454 922 557 975 mimae
570 921 658 975 donat
670 922 844 992 fundumque
856 924 1008 992 laremque,

253 1006 302 1058 Nil
314 1005 396 1059 fuerit
408 1005 456 1073 mi,
469 1005 567 1074 inquit,
581 1020 646 1058 curn
658 1005 790 1059 uxoribus
804 1022 929 1076 unquam
942 1005 1048 1059 alienis.

250 1090 355 1142 Verum
368 1097 410 1142 est
423 1105 488 1142 curn
500 1087 603 1154 mimiS,
615 1097 659 1141 est
671 1100 736 1141 cum
748 1089 940 1142 meretricibus
952 1087 1052 1154 ;·unde

252 1171 341 1224 Fama
353 1172 459 1224 malum
472 1171 592 1239 gravius,
606 1187 691 1240 quam
704 1187 756 1237 res,
766 1171 859 1224 trahit.
897 1172 942 1224 An
956 1171 1007 1224 tibi
1019 1170 1131 1226 abunde

252 1255 405 1308 Personam
418 1253 485 1307 satis
498 1263 549 1321 est,
562 1270 619 1307 non
632 1253 708 1320 illud,
722 1253 859 1324 quidquid
871 1254 974 1324 ubique

251 1337 353 1403 Officit,
367 1336 488 1391 evitare?
526 1338 636 1390 Bonam
649 1336 800 1405 deperdere
813 1336 928 1404 famam,

252 1422 323 1474 Rern
332 1419 420 1490 patris
430 1420 574 1486 oblimare,
584 1416 690 1472 malum
699 1427 741 1472 est
752 1419 918 1490 ubicunque.
960 1418 1035 1489 Quid
1048 1417 1130 1471 inter-

251 1505 303 1558 Est
316 1504 345 1556 in
358 1512 495 1571 matrona,
508 1504 618 1570 ancilla,
630 1519 768 1572 peccesne
781 1504 899 1572 togata?

249 1587 349 1641 Villius
362 1587 390 1640 in
406 1588 512 1641 Fausta
525 1587 618 1641 Sullae
630 1603 723 1656 gener,
735 1587 790 1640 hoc
803 1587 889 1640 miser
901 1603 957 1641 uno

251 1670 374 1724 Nomine
386 1669 529 1739 deceptus,
542 1686 647 1739 poenas
660 1669 738 1722 dedit
751 1673 839 1740 usque
851 1686 989 1740 superque

251 1754 344 1822 Quam
357 1753 425 1807 satis
438 1763 489 1820 est,
501 1753 603 1822 pugnis
617 1767 724 1819 caesus,
737 1751 866 1822 ferroque
878 1752 982 1822 petitus
993 1771 1000 1818 3

250 1837 389 1890 Exclusus
402 1836 469 1902 fore,
483 1853 547 1890 eum
562 1837 742 1904 Longarenus
756 1835 826 1890 foret
839 1836 922 1891 intus.

251 1920 326 1973 Huic
340 1919 363 1972 si
376 1919 499 1973 mutonis
512 1919 604 1972 verbis
617 1919 693 1971 mala
705 1927 784 1972 tanta
796 1919 919 1973 videntis

250 2002 364 2056 Diceret
376 2002 446 2055 haec
459 2002 569 2055 animus
582 2021 589 2067 ;
610 2001 686 2071 Quid
698 2001 740 2055 vis
753 2001 823 2056 tibi?
842 2001 970 2072 nunquid
982 2017 1035 2072 ego
1048 2017 1066 2054 a
1077 2009 1106 2055 te

251 2086 358 2152 Magno
371 2093 539 2152 prognatum
552 2083 674 2153 deposco
687 2085 803 2138 consule
815 2102 947 2152 cunnum,

250 2167 436 2235 Velatumque
449 2167 529 2233 stola,
542 2182 606 2218 mea
618 2183 684 2219 cunr
697 2166 853 2220 conferbuit
866 2167 925 2220 ira?

252 2249 327 2319 Quid
341 2248 540 2317 responderet?
578 2250 685 2317 Magno
698 2257 778 2318 patre
790 2259 857 2302 nata
869 2251 962 2319 puella
974 2259 1024 2303 est.

249 2333 288 2386 At
300 2340 405 2402 quanto
418 2331 534 2384 meliora
546 2339 642 2384 monet
654 2332 864 2401 pugnantiaque
876 2332 937 2386 istis

252 2414 339 2468 Dives
352 2413 414 2482 opis
426 2422 525 2467 natura
538 2429 614 2480 suae,
627 2421 657 2466 tu
670 2413 694 2465 si
707 2413 792 2466 modo
805 2423 880 2467 reete

252 2496 424 2566 Dispensare
436 2495 513 2562 velis,
527 2512 560 2548 ac
573 2511 631 2548 non
643 2494 777 2563 fugienda
789 2496 919 2564 petendis

252 2579 431 2633 immiscere!
469 2580 531 2632 Tuo
543 2577 612 2631 vitio
624 2594 752 2630 rerumne
765 2577 884 2646 labores,

252 2663 301 2716 Nil
313 2661 414 2715 referre
425 2661 526 2731 putas?
564 2661 666 2730 Quare,
679 2677 715 2713 ne
727 2660 870 2729 poeniteat
884 2669 919 2727 te,

252 2745 359 2799 Desine
371 2753 514 2798 matronas
528 2742 668 2809 sectarim,
682 2743 756 2797 unde
769 2743 872 2796 laboris

251 2829 317 2881 Plus
329 2827 439 2880 haurire
452 2826 519 2880 mali
532 2835 583 2892 est,
596 2842 682 2896 quarn
694 2843 727 2879 ex
739 2842 769 2879 re
781 2825 929 2895 decerpere
941 2824 1054 2880 fructus.

251 2913 312 2965 Nec
325 2910 416 2979 magis
429 2909 494 2963 huic
507 2909 604 2963 niveos
617 2908 689 2963 inter
701 2909 859 2979 viridesque
872 2909 990 2978 lapillos,

251 2993 306 3062 (Sit
315 2993 388 3060 licet,
395 2993 458 3059 hoe,
468 2992 609 3060 Cerinthe,
616 2991 707 3060 tuum)
716 3002 844 3046 tenerum
852 3001 893 3046 est
903 2991 1000 3058 femur,
1009 3000 1057 3046 aut
1067 3007 1129 3046 crus

251 3076 366 3131 Rectius
377 3095 384 3141 ;
404 3084 488 3145 atque
501 3075 586 3129 etiam
598 3075 697 3129 melius
710 3091 845 3144 persaepe
858 3083 971 3143 togatae
983 3083 1032 3129 est.
1055 3131 1062 3148 Ἰ,

249 3159 332 3213 Adde
344 3159 409 3226 huc,
422 3157 497 3228 quod
510 3174 633 3211 mercem
646 3157 706 3210 sine
718 3156 788 3210 fucis
802 3166 893 3226 gestat
905 3177 912 3222 ;
931 3167 1027 3227 aperte

252 3241 335 3312 Quod
347 3242 445 3295 venale
457 3240 552 3307 habet,
565 3239 687 3294 ostendit
699 3259 706 3305 ;
725 3256 785 3306 nec,
799 3241 823 3293 si
836 3240 904 3311 quid
916 3241 1028 3295 honesti
1041 3251 1090 3309 est,

249 3327 341 3394 Jactat
353 3325 494 3394 habetque
507 3324 610 3392 palam,
623 3322 731 3392 quaerit
746 3340 801 3392 quo
814 3323 907 3393 turpia
919 3325 996 3379 celet.

252 3407 376 3476 Regibus
389 3406 435 3460 hic
448 3421 510 3458 mos
522 3415 573 3473 est,
586 3405 634 3459 ubi
647 3421 734 3475 equos
747 3416 913 3475 mercantur,
926 3417 1038 3477 opertos

252 3488 426 3559 Inspiciunt;
445 3505 481 3542 ne
493 3487 517 3542 si
530 3487 616 3547 facies
630 3487 671 3558 (ut
684 3489 778 3559 saepe)
791 3488 893 3544 decora
1059 3512 1082 3560 a,
