2766 4162
621 437 753 480 HORATIl
774 435 947 480 CARMINUM

491 566 621 620 Vidimus
633 567 737 620 flavum
750 566 877 620 Tiberim
889 566 999 620 retortis

493 651 585 705 Litore
599 653 718 704 Etrusco
731 651 866 704 violenter
879 649 962 703 undis

493 735 537 789 Ire
549 734 690 804 dejectum
701 743 884 787 monumenta
895 733 977 802 regis,

736 817 910 886 Templaque
922 817 1025 870 Vestae
1037 835 1044 880 ;

492 951 560 1004 Iliae
574 949 641 1004 dum
654 966 684 1004 se
696 949 815 1003 nimium
828 949 954 1019 querenti

488 1035 581 1104 Jactat
593 1034 719 1100 ultorem,
733 1050 820 1102 vagus
834 1042 861 1086 et
874 1032 988 1086 sinistra

490 1117 606 1171 Labitur
618 1116 687 1186 ripa,
699 1117 768 1185 Jove
781 1132 838 1168 non
850 1116 995 1184 probante,
1008 1133 1038 1168 u-

734 1199 828 1252 xorius
841 1198 939 1251 amnis.

489 1330 593 1385 Audiet
606 1330 681 1384 cives
695 1330 803 1384 acuisse
815 1328 927 1397 ferrum,

490 1416 553 1484 Quo
566 1429 665 1482 graves
679 1415 781 1467 Persae
793 1412 893 1466 melius
905 1409 1035 1481 perirent,

488 1497 593 1551 Audiet
606 1513 715 1566 pugnas
728 1496 796 1549 vitio
809 1505 957 1565 parentum

736 1581 812 1632 Rara
821 1579 960 1648 juventus

489 1713 581 1781 Quem
593 1720 674 1765 vocet
686 1710 784 1764 divum
796 1713 915 1781 populus
928 1710 1033 1765 ruentis

489 1795 593 1864 Imperi
606 1795 707 1849 rebus?
726 1811 808 1864 prece
821 1812 877 1865 qua
889 1795 1007 1864 fatigent

487 1877 617 1947 Virgines
631 1888 746 1931 sanctae
758 1878 851 1931 minus
864 1878 1026 1932 audientem

737 1961 870 2016 Carmina
881 1961 1017 2015 Vestam?

489 2092 540 2148 Cui
553 2092 632 2147 dabit
645 2102 739 2163 partes
752 2095 842 2165 scelus
856 2092 986 2162 expiandi

487 2175 632 2246 Juppiter?
669 2177 798 2230 Tandem
810 2176 915 2243 venias,
928 2191 1082 2245 precamur,

488 2259 572 2313 Nube
585 2259 738 2314 candentes
751 2260 883 2313 humeros
896 2259 1015 2313 amictus

732 2344 830 2412 Augur
841 2343 943 2412 Apollo
954 2360 962 2407 ;

486 2476 552 2531 Sive
565 2485 595 2530 tu
608 2477 706 2544 mavis
721 2477 843 2546 Erycina
855 2477 958 2544 ridenS,

488 2561 581 2630 Quam
593 2561 677 2629 Jocus
691 2560 796 2614 circum
809 2561 885 2614 volat
897 2569 925 2614 et
939 2558 1048 2629 Cupido
1059 2578 1067 2624 ς

487 2643 552 2698 Sive
564 2643 724 2712 neglectum
737 2658 825 2712 genus
839 2650 866 2695 et
878 2651 995 2711 nepotes

734 2724 862 2793 Respicis
875 2733 980 2792 auctor,

486 2860 552 2913 Heu
565 2858 649 2911 nimis
662 2858 747 2927 longo
761 2857 860 2910 satiate
872 2857 948 2925 ludo,

487 2943 578 3012 Quem
587 2941 667 3010 juvat
681 2940 787 2994 clamor
799 2941 952 3011 galeaeque
964 2941 1047 3009 leves,

484 3027 558 3079 Acer
571 3034 599 3078 et
613 3023 701 3077 Marsi
714 3022 817 3092 peditis
830 3033 976 3077 cruentum

731 3107 831 3161 Vultus
846 3106 874 3160 in
886 3107 997 3162 hostem
1008 3127 1015 3172 ;

485 3227 550 3282 Sive
562 3237 671 3282 mutata
680 3228 812 3297 juvenem
824 3227 914 3297 figura

484 3311 551 3364 Ales
564 3311 593 3364 in
606 3311 685 3364 terris
699 3311 816 3365 imitaris
829 3311 920 3364 almae

485 3393 572 3448 Filius
587 3393 689 3461 Maiae,
702 3393 812 3463 patiens
825 3393 919 3447 vocari

731 3475 859 3531 Caesaris
872 3477 962 3530 ultor:
