2804 4176
467 441 562 484 LIBER
585 439 616 482 ll.
662 441 774 484 SATIRA
796 441 822 483 V.
1014 442 1069 480 221

223 573 393 643 Penelopam
407 572 496 626 facilis
509 572 610 642 potiori
624 572 710 626 trade.
749 574 880 640 Putasne,

224 656 341 710 Perduci
354 655 456 725 poterit
468 664 528 709 tam
540 654 612 724 frugi
624 664 738 724 tamque
751 655 863 725 pudica,

223 741 316 808 Quam
328 739 459 808 nequiere
471 738 553 807 proci·
564 747 641 791 recto
654 737 791 806 depellere
804 738 907 792 cursu?

221 823 306 878 Venit
319 822 395 877 enim
407 839 542 890 magnum
555 821 679 876 donandi
691 838 777 890 parca
787 821 928 890 juventus,

225 908 286 959 Nec
299 901 410 959 tantum
421 904 531 957 veneris
544 912 680 974 quantum
693 903 819 957 studiosa
831 904 940 957 culinae
951 923 958 969 ;

224 988 271 1041 Sic
285 987 336 1041 tibi
351 987 490 1056 Penelope
502 986 574 1054 frugi
587 994 648 1039 est:
669 1002 741 1056 quae
752 986 775 1038 si
789 987 876 1040 semel
888 1002 944 1040 uno

225 1072 269 1124 De
283 1087 349 1124 sene
361 1069 480 1139 gustarit
492 1078 586 1124 tecum
598 1069 702 1138 partita
713 1069 852 1137 lucellum,

227 1154 267 1208 Ut
279 1153 367 1221 canis,
380 1170 398 1206 a
411 1153 487 1206 corio
499 1169 644 1222 nunquam
657 1152 857 1206 absterrebitur
869 1160 962 1205 uncto.

225 1238 274 1289 Me
285 1253 359 1303 sene,
368 1235 444 1305 quod
454 1235 556 1302 dicam,
566 1235 672 1289 factum
684 1244 734 1289 est
770 1237 850 1290 Anus
864 1235 993 1305 improba
1003 1234 1109 1288 Tbebis

225 1323 269 1373 Ex
281 1327 450 1374 testamento
464 1319 504 1372 sic
517 1327 560 1372 est
572 1319 662 1372 elata:
683 1318 803 1373 cadaver

227 1405 352 1458 Unctum
365 1404 427 1457 oleo
440 1403 518 1471 largo
531 1402 613 1456 nudis
626 1402 750 1456 humeris
763 1403 825 1456 tulit
837 1402 918 1456 heres
929 1421 937 1468 ;

226 1489 339 1542 Scilicet
351 1487 425 1542 elabi
438 1487 462 1540 si
474 1495 570 1556 posset
582 1497 694 1541 mortua
705 1505 712 1552 ;
732 1486 824 1554 credo,

227 1571 310 1640 Quod
323 1570 440 1624 nimium
453 1569 593 1624 institerat
605 1569 717 1622 viventi.
756 1569 861 1623 Cautus
874 1568 951 1622 adito
962 1587 969 1633 ;

228 1657 292 1708 Neu
305 1653 380 1707 desis
393 1669 504 1723 operae,
517 1669 587 1706 neve
599 1652 800 1706 immoderatus
813 1651 948 1706 abundes

228 1737 379 1791 Difficilem
392 1746 419 1791 et
430 1753 573 1790 morosum
586 1735 709 1789 offendet
721 1735 847 1804 garrulus
859 1755 866 1801 ;
885 1736 957 1790 ultro

229 1823 295 1875 Non
308 1820 394 1875 etiam
407 1820 498 1874 sileas.
539 1821 637 1873 Davus
650 1818 689 1872 sis
702 1819 835 1886 comicus,
848 1828 933 1889 atque

229 1905 292 1958 Stes
305 1904 398 1974 capite
410 1903 531 1973 obstipo,
544 1903 664 1957 multum
677 1902 775 1956 similis
789 1903 932 1958 metuenti.

229 1987 373 2056 Obsequio
386 2003 514 2055 grassare
526 2004 533 2050 ;
551 2002 643 2053 mone,
657 1985 681 2038 si
693 1985 844 2040 increbruit
857 2003 933 2053 aura,

230 2069 334 2121 Cautus
347 2067 387 2120 uti
400 2067 473 2120 velet
486 2083 582 2120 carum
595 2075 680 2135 caput
692 2085 699 2131 ;
719 2067 833 2120 extrahe
846 2068 929 2120 turba

230 2149 375 2220 Oppositis
388 2148 511 2203 humeris
522 2169 529 2214 3
548 2165 644 2204 aurem
658 2149 816 2218 substringe
829 2150 948 2219 loquaci.

231 2234 413 2302 Importunus
426 2241 502 2299 amat
514 2231 622 2285 laudari
635 2250 642 2296 ;
661 2231 750 2285 donec
765 2232 827 2286 Ohe
836 2231 914 2300 jam!

229 2315 276 2370 Ad
288 2315 397 2368 caelum
409 2315 540 2367 manibus
553 2313 679 2380 sublatis,
692 2313 801 2380 dixerit,
813 2330 881 2382 urge
894 2324 922 2368 et

232 2400 412 2453 Crescentem
424 2396 540 2450 tumidis
552 2396 619 2448 infla
632 2396 807 2449 sermonibus
820 2405 916 2450 utrem.

232 2482 304 2534 Cum
317 2489 344 2534 te
357 2480 470 2533 servitio
482 2480 567 2547 longo
580 2494 701 2547 curaque
713 2478 820 2545 levarit,

233 2565 271 2617 Et
284 2573 390 2617 certum
402 2562 530 2631 vigilans,
545 2562 668 2630 Quartae
681 2571 742 2615 esto
755 2561 843 2630 partis
859 2561 964 2629 Ulixes,

231 2646 371 2713 Audieris,
383 2646 481 2699 heres:
502 2646 579 2713 Ergo
592 2660 666 2697 nunc
681 2645 775 2697 Dama
787 2643 892 2697 sodalis

235 2730 384 2798 Nusquam
394 2729 457 2781 est?
475 2727 550 2781 unde
559 2726 629 2780 mihi
639 2735 698 2780 tam
711 2726 820 2793 sortem,
830 2734 944 2796 tamque
953 2726 1084 2781 fidelem?

236 2813 343 2881 Sparge
356 2812 474 2865 subinde
485 2831 492 2877 3
511 2820 547 2879 et,
560 2811 584 2864 si
593 2810 718 2880 paullum
730 2819 819 2879 potes,
828 2810 1000 2865 illacrimare.
1033 2812 1084 2864 Est

236 2894 348 2948 Gaudia
360 2894 526 2964 prodentem
538 2895 645 2948 voltum
658 2894 756 2947 celare.
796 2894 959 2963 Sepulcrum

236 2977 408 3032 Permissum
420 2977 536 3032 arbitrio
549 2978 610 3030 sine
623 2977 752 3030 sordibus
766 2985 892 3031 exstrue:
912 2977 994 3032 funus

236 3059 357 3130 Egregie
369 3060 475 3113 factum
487 3059 582 3114 laudet
594 3058 704 3113 vicinia.
745 3059 775 3112 Si
789 3059 851 3128 quis

236 3145 321 3198 Forte
334 3144 503 3198 coheredum
515 3143 608 3196 senior
620 3143 693 3195 male
706 3142 814 3208 tussiet,
826 3141 891 3196 huic
903 3151 934 3196 tu

238 3226 302 3295 Dic,
314 3243 348 3281 ex
361 3235 441 3296 parte
452 3235 509 3294 tua,
523 3243 571 3280 seu
584 3224 663 3279 fundi
676 3225 735 3278 sive
747 3223 848 3278 domus
860 3224 897 3279 sit

238 3311 364 3381 Emptor,
377 3309 547 3379 gaudentem
559 3324 674 3362 nummo
686 3317 715 3361 te
727 3307 864 3362 addicere.
903 3309 959 3364 Sed
972 3326 1017 3363 me

241 3393 394 3463 Imperiosa
407 3392 492 3447 trahit
506 3391 689 3462 Proserpina:
710 3391 772 3446 vive
784 3391 910 3464 valeque.
1053 3428 1088 3453 „0
