2792 4168
408 453 501 498 LIBER
524 453 568 495 111.
606 452 746 496 -cARMEN
769 451 866 494 xxvn.
1014 452 1070 490 111

352 583 382 638 Si
395 586 457 656 quis
470 585 604 640 infamem
616 585 685 639 mihi
697 602 771 639 nunc
781 585 933 654 juvencum

352 669 447 723 Dedat
459 669 564 722 iratae!
583 669 705 722 lacerare
718 668 789 721 ferro
802 677 829 721 et

352 751 493 821 Frangere
505 751 595 806 enitar
607 750 692 805 modo
705 751 825 806 multum
836 751 923 805 amati

423 836 536 890 Cornua
547 834 672 889 monstri.

352 967 505 1037 Impudens
517 967 586 1038 liqui
598 967 704 1037 patrios
714 969 833 1022 Penates
845 986 853 1032 ;

352 1049 504 1119 Impudens
519 1051 624 1105 Orcum
636 1067 736 1104 moror.
777 1050 930 1104 Odeorum

351 1132 382 1186 Si
395 1133 457 1204 quis
469 1133 539 1188 haec
553 1134 643 1202 audis,
656 1133 765 1188 utinam
777 1133 848 1187 inter
861 1149 949 1187 errem

423 1216 509 1270 Nuda
520 1217 614 1271 leones
626 1219 632 1271 i

347 1348 509 1420 Antequam
521 1349 609 1419 turpis
622 1349 726 1404 macies
739 1349 870 1404 decentes

349 1433 476 1503 Occupet
488 1433 586 1500 malas,
599 1443 765 1504 teneraeque
778 1449 861 1487 sucus

349 1516 462 1572 Defluat
473 1516 603 1587 praedae,
616 1517 744 1587 speciosa
756 1533 859 1588 quaero

418 1600 536 1655 Pascere
548 1601 640 1670 tigres.

347 1732 416 1787 Vilis
430 1736 551 1803 Europe,
569 1743 649 1803 pater
661 1743 740 1804 urget
753 1734 871 1789 absens:

348 1817 424 1886 Quid
435 1818 506 1872 mori
519 1818 632 1873 cessas?
649 1827 730 1888 potes
742 1818 795 1872 hac
808 1819 845 1872 ab
858 1835 927 1872 orno

347 1900 504 1955 Pendulum
515 1918 585 1956 zona
596 1901 669 1955 bene
681 1910 709 1956 te
722 1910 818 1956 secuta

417 1984 540 2038 Laedere
552 1984 662 2038 collum.

347 2114 412 2169 Sive
425 2123 452 2170 te
464 2132 547 2185 rupes
560 2125 587 2171 et
600 2125 683 2171 acuta
695 2117 751 2172 leto

349 2198 425 2251 Saxa
437 2197 585 2266 delectant,
598 2216 651 2268 age
663 2208 691 2253 te
703 2201 841 2269 procellae

348 2279 437 2333 Crede
449 2278 546 2347 veloci,
559 2281 613 2334 nisi
626 2281 712 2335 herile
723 2283 813 2337 mavis

418 2363 539 2432 Carpere
551 2379 679 2432 pensum,

348 2493 453 2564 Regius
465 2496 588 2566 sanguis,
601 2496 787 2568 dominaeque
799 2498 872 2552 tradi

347 2578 489 2632 Barbarae
501 2580 598 2648 pellex.
634 2579 740 2634 Aderat
752 2581 878 2650 querenti

347 2661 488 2715 Perfidum
500 2662 593 2716 ridens
606 2662 702 2717 Venus
715 2673 743 2719 et
755 2663 872 2718 remisso

418 2745 506 2800 Filius
519 2763 593 2800 arcu.

347 2866 423 2933 Mox,
436 2866 484 2920 ubi
497 2866 563 2921 lusit
575 2866 660 2922 satis:
680 2866 837 2935 Abstineto,

348 2948 435 3016 Dixit,
448 2948 551 3003 irarum
564 2951 726 3022 calidaeque
738 2950 822 3017 rixae,

347 3031 419 3084 Cum
431 3031 483 3085 tibi
496 3031 601 3087 invisus
613 3033 763 3088 laceranda
774 3032 872 3087 reddet

417 3115 529 3169 Cornua
540 3124 643 3171 taurus.

347 3235 427 3290 Uxor
438 3235 533 3289 invicti
545 3237 622 3306 Jovis
635 3253 696 3291 esse
709 3237 809 3292 nescis.

345 3317 429 3373 Mitte
441 3318 578 3388 singultus
589 3338 597 3385 ;
616 3320 688 3374 bene
700 3321 770 3375 ferre
782 3337 915 3391 magnam

346 3401 432 3456 Disce
444 3401 600 3458 fortunam:
621 3412 666 3457 tur
678 3413 770 3459 sectus
783 3405 859 3460 orbis

418 3485 543 3541 Nomina
554 3485 645 3542 ducet.
697 3551 702 3558 ¹
