2748 4138
353 406 389 463 27
394 407 413 460 4
587 403 718 446 HORATII
742 404 960 447 EPISTOLARUM

388 533 436 586 Ille
449 549 499 601 per
510 540 653 586 extentum
665 532 760 586 funem
772 533 840 585 mihi
853 549 936 602 posse
948 533 1058 587 videtur

388 617 431 668 Ire
443 620 534 684 poeta,
546 631 641 669 meum
654 615 701 685 qui
714 625 810 684 pectus
824 615 943 669 inaniter
955 616 1041 684 angit,

388 698 488 764 Irritat,
501 697 613 764 mulcet,
625 698 703 751 salsis
716 697 866 752 terroribus
880 699 977 767 implet

386 782 427 834 Ut
437 797 536 850 magus
547 800 554 845 ;
573 790 601 834 et
610 781 695 834 modo
705 798 750 834 me
762 780 876 847 Thebis,
885 781 970 835 modo
979 781 1059 851 ponit
1071 781 1200 834 Athenis.

384 865 488 917 Verum
501 879 561 932 age,
574 863 667 931 ethis,
680 864 727 934 qui
741 880 770 916 se
782 863 878 916 lectori
891 862 1003 917 credere
1015 862 1130 929 malunt,

387 947 479 1015 Quam
492 946 656 1014 spectatoris
668 945 782 999 fastidia
794 945 865 999 serre
878 945 998 1015 superbi,

387 1030 489 1083 Curam
501 1028 586 1082 redde
598 1029 719 1096 brevem,
733 1029 757 1082 si
769 1045 871 1082 munus
883 1029 1013 1097 Apolline
1026 1028 1142 1097 dignum

386 1111 436 1165 Vis
449 1112 586 1181 complere
599 1111 686 1179 libris,
699 1121 727 1165 et
738 1111 851 1165 vatibus
864 1110 967 1165 addere
980 1112 1081 1178 calcar,

388 1196 428 1249 Ut
441 1195 533 1248 studio
545 1195 651 1265 majore
664 1204 760 1264 petant
775 1195 914 1248 Helicona
926 1195 1072 1248 virentem.

387 1279 479 1331 Multa
491 1277 603 1348 quidem
616 1278 697 1332 nobis
710 1277 828 1331 iacimus
841 1278 917 1330 mala
929 1294 1012 1346 saepe
1024 1282 1133 1347 po'e'tae,

389 1361 442 1428 (Ut
453 1360 548 1414 vineta
560 1370 669 1429 egomet
682 1359 799 1414 caedam
811 1359 886 1427 mea)
899 1377 963 1413 cum
976 1359 1027 1414 tibi
1039 1359 1142 1413 librum

388 1443 513 1498 Sollicito
526 1443 633 1510 damuS,
647 1451 696 1496 aut
707 1443 799 1505 iesso;
818 1459 882 1496 cum
891 1440 1035 1508 laedimur,
1049 1456 1135 1496 unum

388 1527 419 1581 Si
431 1527 493 1596 quis
505 1526 658 1580 amicorum
672 1534 714 1579 est
726 1541 810 1578 ausus
823 1524 1024 1594 reprehendere
1036 1541 1147 1579 versum
1159 1544 1167 1589 ;

388 1611 459 1663 Cum
471 1609 533 1662 loca
542 1609 602 1678 jam
614 1608 731 1661 recitata
742 1607 909 1661 revolvimus
922 1606 1068 1661 irrevocati
1079 1626 1086 1671 ;

388 1693 458 1746 Cum
471 1693 657 1745 lamentamur
668 1708 724 1743 uon
738 1706 872 1759 apparere
884 1690 994 1744 labores

388 1776 516 1841 Nostros,
529 1784 556 1827 et
569 1773 644 1827 tenui
658 1772 778 1827 deducta
790 1778 922 1842 poemata
933 1773 998 1826 filo:

388 1858 459 1910 Cum
473 1873 617 1925 speramus
630 1873 663 1908 eo
675 1872 734 1909 rem
747 1865 902 1922 venturam,
914 1864 952 1922 ut,
966 1855 1145 1924 simulatque

388 1939 520 1992 Carmina
532 1938 658 1992 rescieris
671 1955 722 1991 nos
735 1937 847 2006 tingere,
860 1937 1024 1992 commodus
1037 1938 1108 1991 ultro

387 2022 529 2088 ArcessaS,
543 2030 569 2075 et
583 2037 664 2090 egere
676 2029 761 2087 vetes,
774 2030 801 2074 et
815 2019 933 2074 scribere
946 2037 1038 2090 cogas.

389 2103 444 2158 Sed
458 2114 551 2158 tamen
564 2113 607 2159 est
619 2120 720 2173 operae
733 2103 853 2174 pretium
866 2120 1042 2173 cognoscere,
1055 2103 1151 2173 quales

387 2187 522 2241 Aedituos
535 2187 637 2242 habeat
650 2186 715 2242 belli
728 2196 855 2256 spectata
867 2187 999 2256 domique

388 2270 491 2337 Virtus,
504 2270 619 2340 indigno
631 2286 689 2324 non
701 2270 903 2324 committenda
915 2275 1022 2340 poetae.

389 2354 491 2406 Gratus
504 2353 663 2407 Alexandro
676 2353 734 2422 regi
748 2354 855 2421 Magno
867 2352 918 2407 suit
931 2353 977 2406 ille

388 2436 541 2497 Choerilus,
556 2436 668 2490 incultis
681 2436 728 2506 qui
740 2436 868 2489 versibus
880 2444 909 2489 et
920 2435 994 2488 male
1006 2434 1081 2488 natis

389 2519 506 2573 Rettulit
519 2528 658 2589 acceptos,
670 2519 763 2588 regale
775 2518 923 2585 nomisma,
938 2517 1088 2586 Philippos.

388 2601 444 2655 Sed
456 2604 541 2656 veluti
553 2612 673 2656 tractata
684 2611 781 2656 notam
793 2602 941 2671 labemque
953 2600 1097 2654 remittunt

386 2686 559 2752 Atramenta,
572 2685 628 2739 fere
640 2685 788 2754 scriptores
801 2685 924 2738 carmine
936 2683 1018 2737 foedo

388 2768 542 2837 Splendida
553 2769 628 2822 lacta
639 2769 737 2822 linunt
776 2767 856 2821 Idem
868 2785 915 2820 rex
927 2766 982 2833 ille,
994 2771 1096 2835 poema

389 2851 443 2920 Qui
456 2861 515 2905 tam
528 2851 674 2905 ridiculum
687 2861 745 2905 tam
758 2867 822 2904 care
834 2850 967 2920 prodigus
981 2849 1056 2915 emit,

388 2934 489 2988 Edicto
502 2934 596 3002 vetuit,
610 2951 646 2987 ne
658 2934 720 3004 quis
734 2951 771 3001 se,
785 2942 895 3003 praeter
905 2933 1042 3002 Apellem,

388 3016 525 3085 Pingeret,
538 3026 586 3071 aut
598 3016 668 3070 alius
683 3016 805 3086 Lysippo
818 3016 931 3071 duceret
944 3032 1008 3069 aera
1077 3028 1078 3035 ¹

388 3100 479 3154 Fortis
491 3100 642 3156 Alexandri
654 3101 761 3154 voltum
775 3099 941 3154 simulantia.
980 3097 1087 3168 Quodsi

355 3178 360 3188 '
385 3182 525 3250 Judicium
538 3185 639 3238 subtile
650 3182 779 3236 videndis
792 3182 899 3236 artibus
912 3181 980 3234 illud

386 3264 432 3317 Ad
444 3264 529 3318 libros
542 3275 569 3320 et
582 3266 619 3319 ad
631 3266 701 3319 haec
716 3267 863 3319 Musarum
874 3264 950 3319 dona
962 3278 1085 3330 vocares,

387 3347 524 3400 Boeotilm
537 3349 566 3401 in
579 3365 673 3402 crasso
683 3349 790 3417 jurares
804 3353 867 3402 aere
879 3356 984 3400 natum.

388 3430 425 3482 At
437 3445 527 3499 neque
540 3430 709 3485 dedecorant
723 3440 771 3485 tua
783 3431 818 3486 de
831 3448 861 3484 se
870 3429 985 3500 judicia,
998 3436 1082 3498 atque
1167 3463 1205 3498 „5
