2748 4138
413 464 506 506 irum
529 464 547 506 1.
594 462 743 506 semrom
765 461 831 504 xix.
984 445 1043 518 263

221 594 284 662 Qua
296 591 402 646 ratione
415 609 501 663 queas
515 591 659 645 traducere
671 591 769 645 leniter
781 607 881 644 aevum
892 609 899 655 ;

221 678 299 730 Num
311 685 339 730 te
352 693 462 745 semper
473 677 555 746 inops
568 675 654 744 agitet
666 683 801 745 vexetque
813 673 923 743 cupido,

220 760 298 812 Num
310 775 405 828 pavor,
419 768 446 812 et
458 775 551 812 rerum
563 756 739 810 mediocriter
751 757 860 811 utilium
873 773 953 826 spes:

219 842 358 895 Virtutem
371 841 499 895 doctrina
510 848 598 911 paret,
611 849 746 893 naturane
759 839 844 893 donet
855 859 862 904 ;

221 924 295 993 Quid
308 924 415 977 minuat
428 940 517 990 curas,
530 923 598 993 quid
610 930 638 975 te
650 921 701 975 tibi
713 922 813 975 reddat
825 922 964 987 amicum;

220 1007 294 1077 Quid
306 1023 374 1076 pure
386 1007 553 1077 tranquillet,
566 1006 665 1072 honos,
678 1023 715 1058 an
728 1005 808 1059 dulce
820 1005 959 1073 lucellum,

218 1093 264 1146 An
277 1101 416 1146 secretum
428 1091 480 1145 iter
492 1101 519 1145 et
532 1089 653 1144 fallentis
667 1089 767 1142 semita
778 1089 859 1142 vitae.

219 1176 268 1228 Me
281 1174 389 1244 quoties
402 1174 490 1228 reficit
503 1173 610 1242 gelidus
626 1171 759 1241 Digentia
771 1171 855 1238 rivus,

220 1259 312 1327 Quem
326 1257 460 1310 Mandela
471 1257 551 1322 bibit,
564 1272 681 1324 rugosus
694 1254 796 1323 frigore
808 1270 897 1323 pagus
908 1271 916 1318 ;

221 1339 296 1408 Quid
309 1339 412 1393 sentire
424 1340 525 1408 putas?
544 1338 612 1409 quid
624 1337 723 1404 credis,
736 1337 834 1403 amice,
847 1335 973 1405 precari?

220 1423 262 1478 Sit
274 1422 344 1475 mihi
357 1422 432 1493 quod
444 1433 518 1475 nunc
532 1431 574 1475 est
586 1441 592 1486 ;
612 1421 698 1474 etiam
710 1419 803 1473 minus
815 1437 820 1472 :
841 1428 869 1473 et
881 1419 951 1472 mihi
963 1419 1057 1472 vivam
1083 1472 1086 1481 ,

219 1506 302 1575 Quod
315 1513 440 1575 superest
453 1504 522 1572 aevi,
536 1503 559 1557 si
572 1503 640 1574 quid
654 1519 798 1572 superesse
810 1503 907 1556 volunt
922 1502 977 1555 Di:

218 1589 261 1642 Sit
273 1589 349 1642 bona
360 1588 495 1642 librorum
508 1596 535 1641 et
547 1587 675 1656 provisae
689 1586 774 1655 frugis
789 1585 816 1639 in
830 1602 936 1639 annum

218 1671 307 1741 Copia
318 1691 324 1736 ;
343 1688 398 1725 neu
410 1671 517 1725 fluitem
529 1669 632 1724 dubiae
645 1685 694 1739 spe
707 1669 845 1739 pendulus
857 1669 950 1722 horae.

217 1756 274 1809 Sed
287 1755 355 1808 satis
368 1764 411 1808 est
423 1771 502 1808 orare
514 1755 612 1823 Jovem
625 1769 697 1823 quae
710 1753 797 1806 donat
810 1761 837 1807 et
850 1751 955 1805 aufert:

218 1841 274 1892 Det
286 1839 381 1906 vitam,
394 1837 442 1892 det
454 1854 540 1907 opes:
560 1853 681 1907 aequum
694 1835 733 1889 mi
746 1835 872 1889 animum
886 1835 946 1905 ipse
958 1834 1070 1904 parabo.

1011 1932 1046 1958 112

451 2036 673 2124 aprsroin
703 2071 789 2123 xix.

473 2214 518 2256 AD
537 2215 761 2258 MAECENATEM.

216 2339 329 2392 thsco
342 2336 366 2390 si
379 2335 477 2403 credis,
492 2336 643 2389 Maecenas
657 2335 747 2403 docte,
762 2336 885 2404 Cratino,

215 2421 301 2474 Nulla
312 2421 423 2490 placere
435 2419 483 2473 diu
495 2435 547 2472 nec
559 2419 652 2472 vivere
664 2418 791 2472 cannina
802 2429 928 2489 possunt,

215 2505 294 2572 Quae
307 2503 467 2557 scribuntur
478 2517 568 2572 aquae
580 2501 725 2570 potoribus
737 2520 742 2555 :
764 2511 794 2555 ut
806 2503 880 2555 male
892 2518 976 2556 sanos

212 2585 371 2655 Adscripsit
385 2585 468 2638 Liber
480 2583 586 2652 Satyris
601 2583 761 2653 Faunisque
773 2588 879 2653 poetas,

213 2670 288 2723 Vina
300 2669 356 2724 fere
369 2669 463 2722 dulces
477 2668 604 2721 oluerunt
616 2684 699 2721 mane
714 2669 861 2722 Camenae.

215 2752 358 2806 Laudibus
370 2751 495 2820 arguitur
506 2751 564 2804 vini
577 2751 691 2804 vinosus
706 2752 846 2804 Homerus
858 2769 863 2804 :

214 2837 323 2890 Ennius
336 2836 396 2905 ipse
408 2843 488 2905 pater
500 2851 646 2905 nunquam
657 2825 712 2887 nisi
724 2843 807 2903 potus
820 2833 857 2888 ad
869 2851 946 2888 arma

215 2919 346 2973 Prosiluit
358 2918 484 2973 dicenda.
523 2919 628 2971 Forum
639 2918 788 2988 putealque
802 2917 917 2971 Libonis

215 3003 361 3057 Mandabo
374 3001 465 3068 sicciS,
478 3000 602 3054 adimam
615 3009 729 3054 cantare
742 3000 852 3054 severis.

215 3087 278 3140 Hoc
292 3085 375 3139 simul
387 3083 469 3151 edixi,
481 3100 538 3137 non
552 3099 695 3137 cessavere
707 3088 807 3153 poetae

214 3171 360 3222 Nocturno
373 3176 480 3221 certare
491 3183 578 3234 mero,
590 3175 687 3237 putere
700 3166 807 3221 diurno.

213 3252 289 3321 Quid
302 3251 325 3305 si
338 3251 400 3321 quis
413 3250 490 3304 voltu
502 3259 582 3304 torvo
594 3249 676 3317 ferus,
690 3259 717 3303 et
729 3250 802 3319 pede
813 3249 898 3318 nudo,

212 3335 393 3405 Exiguaeque
405 3342 488 3402 togae
501 3333 612 3387 simulet
624 3342 730 3387 textore
744 3333 889 3401 Catonem,

211 3417 388 3472 Virtutemne
399 3425 588 3486 repraesentet
600 3433 747 3486 moresque
762 3417 898 3470 Catonis?

213 3500 299 3571 Rupit
314 3500 450 3554 Iarbitam
463 3499 625 3569 Timagenis
639 3499 749 3554 aemula
761 3500 864 3570 lingua,
