2766 4162
592 449 723 490 HORATII
745 449 917 492 CARMINUM

580 912 768 965 CARMEN
800 912 947 965 XXVII„

651 1071 694 1111 AD
713 1070 855 1113 somnus.

448 1205 546 1258 NnTls
559 1204 587 1257 in
601 1222 682 1258 usum
695 1205 817 1258 laetitiae
831 1205 943 1273 scyphis

446 1288 574 1355 Pugnare
587 1288 731 1341 Thracum
743 1297 786 1341 est
799 1307 804 1340 :
825 1287 913 1340 tollite
925 1289 1076 1342 barbarum

481 1372 602 1436 Morem,
615 1370 859 1440 verecundumque
873 1371 1016 1424 Bacchum

518 1454 686 1522 Sanguineis
699 1454 845 1522 prohibete
857 1453 932 1506 rixis.

444 1611 517 1663 Vino
531 1619 558 1663 et
570 1611 692 1664 lucernis
707 1611 808 1664 Medus
822 1611 951 1664 acinaces

446 1695 573 1747 Immane
586 1702 722 1763 quantum
735 1693 893 1762 discrepat!
934 1695 1055 1763 impium

481 1776 578 1829 Lenite
591 1777 753 1844 clamorem,
767 1767 886 1844 sodales

516 1861 553 1912 Et
566 1859 660 1913 cubito
673 1870 815 1914 remanete
827 1877 932 1929 presso.

445 2016 536 2069 Voltis
549 2016 636 2069 severi
649 2032 695 2068 me
708 2032 818 2086 quoque
832 2032 941 2069 sumere

443 2100 555 2152 Partem
569 2099 699 2152 Falerni?
719 2098 794 2152 dicat
809 2099 950 2167 Opuntiae

477 2181 575 2235 Frater
589 2181 729 2250 Megillae,
742 2198 797 2251 quo
810 2182 909 2234 beatus

510 2265 639 2331 Vulnere,
652 2280 708 2334 qua
720 2273 816 2333 pereat
829 2263 939 2331 sagitta.

441 2421 539 2474 Cessat
552 2423 700 2475 voluntas?
719 2439 777 2475 non
790 2422 846 2475 alia
858 2421 955 2474 bibam

440 2504 578 2558 Mercede.
619 2506 698 2573 Quae
710 2513 738 2558 te
751 2521 861 2574 cunque
872 2504 970 2557 domat·
982 2503 1085 2569 Venus,

477 2587 543 2639 Non
555 2586 754 2641 erubescendis
767 2587 859 2641 adurit

513 2669 638 2738 Ignibus,
652 2670 828 2739 ingenuoque
842 2685 952 2737 semper

439 2827 542 2879 Amore
554 2842 663 2894 peccas,
701 2826 845 2897 Quidquid
858 2826 955 2891 habes,
968 2842 1029 2893 age,

439 2910 557 2976 Depone
569 2908 636 2963 tutis
650 2908 770 2963 auribus.
810 2909 855 2962 Ah
868 2909 961 2974 miser,

475 2992 589 3061 Quanta
600 2993 750 3048 laborabas
765 2991 916 3060 Charybdi,

510 3073 604 3142 Digne
616 3092 685 3144 puer
697 3075 812 3129 meliore
824 3075 956 3128 flamma!

442 3231 520 3297 Quae
533 3246 610 3298 saga,
624 3231 686 3301 quis
699 3241 726 3285 te
739 3232 846 3286 solvere
858 3232 1002 3286 Thessalis

442 3313 544 3380 Magus
557 3314 679 3381 veneniS,
692 3314 754 3384 quis
767 3315 869 3383 poterit
882 3315 970 3368 deus?

475 3393 528 3446 Vix
541 3394 677 3463 illigatum
690 3405 717 3451 te
729 3396 847 3451 triformi

512 3477 634 3545 Pegasus
648 3478 775 3547 expediet
789 3479 944 3533 Chimaera.
