<?xml version="1.0" encoding="UTF-8"?>
<!DOCTYPE html PUBLIC "-//W3C//DTD XHTML 1.0 Transitional//EN"
    "http://www.w3.org/TR/xhtml1/DTD/xhtml1-transitional.dtd">
<html xmlns="http://www.w3.org/1999/xhtml" xml:lang="en" lang="en">
 <head>
  <title>
</title>
<meta http-equiv="Content-Type" content="text/html;charset=utf-8" />
  <meta name='ocr-system' content='tesseract 3.04.00' />
  <meta name='ocr-capabilities' content='ocr_page ocr_carea ocr_par ocr_line ocrx_word'/>
</head>
<body>
  <div class='ocr_page' id='page_1' title='image "./quintihoratiifl00milmgoog_0040.png"; bbox 0 0 2766 4162; ppageno 0'>
   <div class='ocr_carea' id='block_1_1' title="bbox 405 441 793 484">
    <p class='ocr_par' dir='ltr' id='par_1_1' title="bbox 405 441 793 484">
     <span class='ocr_line' id='line_1_1' title="bbox 405 441 793 484; baseline 0.003 -2"><span class='ocrx_word' id='word_1_1' title='bbox 405 441 499 483; x_wconf 85' lang='lat' dir='ltr'><strong>LIBER</strong></span> <span class='ocrx_word' id='word_1_2' title='bbox 521 443 540 484; x_wconf 86' lang='grc' dir='ltr'>Ι.</span> <span class='ocrx_word' id='word_1_3' title='bbox 586 441 716 484; x_wconf 88' lang='lat' dir='ltr'>CARMEN</span> <span class='ocrx_word' id='word_1_4' title='bbox 739 441 793 483; x_wconf 88' lang='lat' dir='ltr'>XII.</span> 
     </span>
    </p>
   </div>
   <div class='ocr_carea' id='block_1_2' title="bbox 283 569 911 1232">
    <p class='ocr_par' dir='ltr' id='par_1_2' title="bbox 283 569 786 639">
     <span class='ocr_line' id='line_1_2' title="bbox 283 569 786 639; baseline -0.004 -14"><span class='ocrx_word' id='word_1_5' title='bbox 283 572 351 625; x_wconf 88' lang='lat' dir='ltr'>Arte</span> <span class='ocrx_word' id='word_1_6' title='bbox 363 578 491 624; x_wconf 84' lang='lat' dir='ltr'>materna</span> <span class='ocrx_word' id='word_1_7' title='bbox 502 569 615 639; x_wconf 89' lang='lat' dir='ltr'>rapidos</span> <span class='ocrx_word' id='word_1_8' title='bbox 628 579 786 624; x_wconf 85' lang='lat' dir='ltr'><strong>morantem</strong></span> 
     </span>
    </p>

    <p class='ocr_par' dir='ltr' id='par_1_3' title="bbox 285 652 864 723">
     <span class='ocr_line' id='line_1_3' title="bbox 285 652 864 723; baseline -0.002 -16"><span class='ocrx_word' id='word_1_9' title='bbox 285 652 446 707; x_wconf 87' lang='lat' dir='ltr'>Fluminum</span> <span class='ocrx_word' id='word_1_10' title='bbox 458 653 561 722; x_wconf 88' lang='lat' dir='ltr'>lapsus,</span> <span class='ocrx_word' id='word_1_11' title='bbox 575 653 733 723; x_wconf 88' lang='lat' dir='ltr'>celeresque</span> <span class='ocrx_word' id='word_1_12' title='bbox 746 662 844 707; x_wconf 92' lang='lat' dir='ltr'>ventos</span> <span class='ocrx_word' id='word_1_13' title='bbox 857 672 864 717; x_wconf 95' lang='lat'>;</span> 
     </span>
    </p>

    <p class='ocr_par' dir='ltr' id='par_1_4' title="bbox 285 735 821 888">
     <span class='ocr_line' id='line_1_4' title="bbox 285 735 821 790; baseline 0 -1"><span class='ocrx_word' id='word_1_14' title='bbox 285 736 427 790; x_wconf 87' lang='lat' dir='ltr'><strong>Blandum</strong></span> <span class='ocrx_word' id='word_1_15' title='bbox 439 744 467 789; x_wconf 88' lang='lat' dir='ltr'>et</span> <span class='ocrx_word' id='word_1_16' title='bbox 479 735 583 790; x_wconf 89' lang='lat' dir='ltr'>auritas</span> <span class='ocrx_word' id='word_1_17' title='bbox 596 735 698 790; x_wconf 88' lang='lat' dir='ltr'>fidibus</span> <span class='ocrx_word' id='word_1_18' title='bbox 711 736 821 790; x_wconf 88' lang='lat' dir='ltr'>canoris</span> 
     </span>
     <span class='ocr_line' id='line_1_5' title="bbox 355 820 600 888; baseline -0.016 -15"><span class='ocrx_word' id='word_1_19' title='bbox 355 820 466 873; x_wconf 89' lang='lat' dir='ltr'>Ducere</span> <span class='ocrx_word' id='word_1_20' title='bbox 475 835 600 888; x_wconf 88' lang='lat' dir='ltr'>quercus.</span> 
     </span>
    </p>

    <p class='ocr_par' dir='ltr' id='par_1_5' title="bbox 286 912 793 983">
     <span class='ocr_line' id='line_1_6' title="bbox 286 912 793 983; baseline -0.002 -15"><span class='ocrx_word' id='word_1_21' title='bbox 286 913 361 983; x_wconf 83' lang='lat' dir='ltr'>Quid</span> <span class='ocrx_word' id='word_1_22' title='bbox 372 913 449 983; x_wconf 88' lang='lat' dir='ltr'>prius</span> <span class='ocrx_word' id='word_1_23' title='bbox 462 912 556 967; x_wconf 89' lang='lat' dir='ltr'>dicam</span> <span class='ocrx_word' id='word_1_24' title='bbox 569 913 657 967; x_wconf 91' lang='lat' dir='ltr'>solitis</span> <span class='ocrx_word' id='word_1_25' title='bbox 669 913 793 983; x_wconf 88' lang='lat' dir='ltr'>parentis</span> 
     </span>
    </p>

    <p class='ocr_par' dir='ltr' id='par_1_6' title="bbox 286 995 911 1067">
     <span class='ocr_line' id='line_1_7' title="bbox 286 995 911 1067; baseline 0.002 -17"><span class='ocrx_word' id='word_1_26' title='bbox 286 996 446 1051; x_wconf 86' lang='lat' dir='ltr'>Laudibus?</span> <span class='ocrx_word' id='word_1_27' title='bbox 465 995 513 1067; x_wconf 92' lang='lat' dir='ltr'>qui</span> <span class='ocrx_word' id='word_1_28' title='bbox 525 1013 569 1050; x_wconf 91' lang='lat' dir='ltr'>res</span> <span class='ocrx_word' id='word_1_29' title='bbox 582 996 728 1050; x_wconf 90' lang='lat' dir='ltr'>hominum</span> <span class='ocrx_word' id='word_1_30' title='bbox 740 1014 773 1050; x_wconf 90' lang='lat' dir='ltr'>ac</span> <span class='ocrx_word' id='word_1_31' title='bbox 787 997 911 1064; x_wconf 87' lang='lat' dir='ltr'>deorum,</span> 
     </span>
    </p>

    <p class='ocr_par' dir='ltr' id='par_1_7' title="bbox 287 1079 884 1232">
     <span class='ocr_line' id='line_1_8' title="bbox 287 1079 884 1150; baseline 0 -16"><span class='ocrx_word' id='word_1_32' title='bbox 287 1079 342 1150; x_wconf 83' lang='lat' dir='ltr'>Qui</span> <span class='ocrx_word' id='word_1_33' title='bbox 353 1095 431 1133; x_wconf 90' lang='lat' dir='ltr'>mare</span> <span class='ocrx_word' id='word_1_34' title='bbox 441 1095 474 1132; x_wconf 89' lang='lat' dir='ltr'>ac</span> <span class='ocrx_word' id='word_1_35' title='bbox 486 1088 583 1147; x_wconf 88' lang='lat' dir='ltr'>terras,</span> <span class='ocrx_word' id='word_1_36' title='bbox 595 1079 735 1150; x_wconf 90' lang='lat' dir='ltr'>variisque</span> <span class='ocrx_word' id='word_1_37' title='bbox 748 1079 884 1134; x_wconf 91' lang='lat' dir='ltr'>mundum</span> 
     </span>
     <span class='ocr_line' id='line_1_9' title="bbox 355 1161 603 1232; baseline 0 -17"><span class='ocrx_word' id='word_1_38' title='bbox 355 1161 506 1232; x_wconf 85' lang='lat' dir='ltr'>Temperat</span> <span class='ocrx_word' id='word_1_39' title='bbox 518 1162 603 1216; x_wconf 91' lang='lat' dir='ltr'><strong>horis.</strong></span> 
     </span>
    </p>
   </div>
   <div class='ocr_carea' id='block_1_3' title="bbox 286 1256 955 1560">
    <p class='ocr_par' dir='ltr' id='par_1_8' title="bbox 286 1256 955 1493">
     <span class='ocr_line' id='line_1_10' title="bbox 286 1256 767 1327; baseline 0 -15"><span class='ocrx_word' id='word_1_40' title='bbox 286 1256 371 1312; x_wconf 90' lang='lat' dir='ltr'>Unde</span> <span class='ocrx_word' id='word_1_41' title='bbox 382 1256 423 1310; x_wconf 91' lang='lat' dir='ltr'>nil</span> <span class='ocrx_word' id='word_1_42' title='bbox 434 1257 525 1327; x_wconf 84' lang='lat' dir='ltr'>majus</span> <span class='ocrx_word' id='word_1_43' title='bbox 537 1266 685 1326; x_wconf 84' lang='lat' dir='ltr'>generatur</span> <span class='ocrx_word' id='word_1_44' title='bbox 698 1257 767 1327; x_wconf 89' lang='lat' dir='ltr'>ipso,</span> 
     </span>
     <span class='ocr_line' id='line_1_11' title="bbox 286 1339 955 1410; baseline 0 -16"><span class='ocrx_word' id='word_1_45' title='bbox 286 1341 347 1394; x_wconf 91' lang='lat' dir='ltr'>Nec</span> <span class='ocrx_word' id='word_1_46' title='bbox 359 1339 434 1408; x_wconf 87' lang='lat' dir='ltr'>viget</span> <span class='ocrx_word' id='word_1_47' title='bbox 446 1339 601 1410; x_wconf 89' lang='lat' dir='ltr'><strong>quidquam</strong></span> <span class='ocrx_word' id='word_1_48' title='bbox 613 1341 711 1408; x_wconf 88' lang='lat' dir='ltr'>simile,</span> <span class='ocrx_word' id='word_1_49' title='bbox 725 1350 773 1396; x_wconf 87' lang='lat' dir='ltr'>aut</span> <span class='ocrx_word' id='word_1_50' title='bbox 786 1342 955 1396; x_wconf 87' lang='lat' dir='ltr'>secundum:</span> 
     </span>
     <span class='ocr_line' id='line_1_12' title="bbox 287 1421 749 1493; baseline 0.004 -17"><span class='ocrx_word' id='word_1_51' title='bbox 287 1421 430 1476; x_wconf 89' lang='lat' dir='ltr'><strong>Proximos</strong></span> <span class='ocrx_word' id='word_1_52' title='bbox 442 1421 483 1475; x_wconf 89' lang='lat' dir='ltr'>illi</span> <span class='ocrx_word' id='word_1_53' title='bbox 495 1431 590 1477; x_wconf 88' lang='lat' dir='ltr'>tamen</span> <span class='ocrx_word' id='word_1_54' title='bbox 603 1424 749 1493; x_wconf 87' lang='lat' dir='ltr'>occupavit</span> 
     </span>
    </p>

    <p class='ocr_par' dir='ltr' id='par_1_9' title="bbox 356 1504 588 1560">
     <span class='ocr_line' id='line_1_13' title="bbox 356 1504 588 1560; baseline 0.009 -3"><span class='ocrx_word' id='word_1_55' title='bbox 356 1504 448 1558; x_wconf 83' lang='lat' dir='ltr'>Pallas</span> <span class='ocrx_word' id='word_1_56' title='bbox 460 1505 588 1560; x_wconf 90' lang='lat' dir='ltr'><strong>honores.</strong></span> 
     </span>
    </p>
   </div>
   <div class='ocr_carea' id='block_1_4' title="bbox 286 1599 770 1920">
    <p class='ocr_par' dir='ltr' id='par_1_10' title="bbox 287 1599 749 1671">
     <span class='ocr_line' id='line_1_14' title="bbox 287 1599 749 1671; baseline 0.006 -18"><span class='ocrx_word' id='word_1_57' title='bbox 287 1599 402 1654; x_wconf 90' lang='lat' dir='ltr'>Proeliis</span> <span class='ocrx_word' id='word_1_58' title='bbox 415 1599 506 1654; x_wconf 84' lang='lat' dir='ltr'>audax</span> <span class='ocrx_word' id='word_1_59' title='bbox 518 1617 608 1671; x_wconf 88' lang='lat' dir='ltr'>neque</span> <span class='ocrx_word' id='word_1_60' title='bbox 620 1610 649 1655; x_wconf 90' lang='lat' dir='ltr'>te</span> <span class='ocrx_word' id='word_1_61' title='bbox 661 1601 749 1656; x_wconf 86' lang='lat' dir='ltr'><strong>silebo</strong></span> 
     </span>
    </p>

    <p class='ocr_par' dir='ltr' id='par_1_11' title="bbox 287 1683 757 1754">
     <span class='ocr_line' id='line_1_15' title="bbox 287 1683 757 1754; baseline 0.002 -17"><span class='ocrx_word' id='word_1_62' title='bbox 287 1683 370 1738; x_wconf 88' lang='lat' dir='ltr'>Liber</span> <span class='ocrx_word' id='word_1_63' title='bbox 382 1702 390 1748; x_wconf 89' lang='lat'>;</span> <span class='ocrx_word' id='word_1_64' title='bbox 408 1692 436 1737; x_wconf 90' lang='lat' dir='ltr'>et</span> <span class='ocrx_word' id='word_1_65' title='bbox 448 1684 539 1738; x_wconf 88' lang='lat' dir='ltr'>saevis</span> <span class='ocrx_word' id='word_1_66' title='bbox 554 1685 667 1739; x_wconf 88' lang='lat' dir='ltr'>inimica</span> <span class='ocrx_word' id='word_1_67' title='bbox 679 1685 757 1754; x_wconf 86' lang='lat' dir='ltr'>virgo</span> 
     </span>
    </p>

    <p class='ocr_par' dir='ltr' id='par_1_12' title="bbox 286 1766 770 1920">
     <span class='ocr_line' id='line_1_16' title="bbox 286 1766 770 1835; baseline 0.002 -14"><span class='ocrx_word' id='word_1_68' title='bbox 286 1766 380 1822; x_wconf 92' lang='lat' dir='ltr'>Beluis</span> <span class='ocrx_word' id='word_1_69' title='bbox 392 1785 399 1832; x_wconf 95' lang='lat'>;</span> <span class='ocrx_word' id='word_1_70' title='bbox 418 1783 470 1821; x_wconf 91' lang='lat' dir='ltr'>nec</span> <span class='ocrx_word' id='word_1_71' title='bbox 482 1776 519 1835; x_wconf 86' lang='lat' dir='ltr'>te,</span> <span class='ocrx_word' id='word_1_72' title='bbox 531 1768 680 1822; x_wconf 87' lang='lat' dir='ltr'>metuende</span> <span class='ocrx_word' id='word_1_73' title='bbox 693 1778 770 1822; x_wconf 85' lang='lat' dir='ltr'>certa</span> 
     </span>
     <span class='ocr_line' id='line_1_17' title="bbox 358 1849 593 1920; baseline 0.017 -19"><span class='ocrx_word' id='word_1_74' title='bbox 358 1849 470 1903; x_wconf 91' lang='lat' dir='ltr'>Phoebe</span> <span class='ocrx_word' id='word_1_75' title='bbox 483 1850 593 1920; x_wconf 75' lang='lat' dir='ltr'>sagitta„</span> 
     </span>
    </p>
   </div>
   <div class='ocr_carea' id='block_1_5' title="bbox 478 2798 736 2832">
    <p class='ocr_par' dir='ltr' id='par_1_13' title="bbox 478 2798 736 2832">
     <span class='ocr_line' id='line_1_18' title="bbox 478 2798 736 2832; baseline -0.019 0"><span class='ocrx_word' id='word_1_76' title='bbox 478 2800 567 2832; x_wconf 82' lang='lat' dir='ltr'>CASTOR</span> <span class='ocrx_word' id='word_1_77' title='bbox 579 2800 629 2829; x_wconf 76' lang='lat' dir='ltr'><strong>Aur&gt;</strong></span> <span class='ocrx_word' id='word_1_78' title='bbox 642 2798 736 2828; x_wconf 81' lang='lat' dir='ltr'>POLLUX.</span> 
     </span>
    </p>
   </div>
   <div class='ocr_carea' id='block_1_6' title="bbox 290 2886 854 3206">
    <p class='ocr_par' dir='ltr' id='par_1_14' title="bbox 290 2886 850 2959">
     <span class='ocr_line' id='line_1_19' title="bbox 290 2886 850 2959; baseline -0.007 -15"><span class='ocrx_word' id='word_1_79' title='bbox 290 2889 392 2945; x_wconf 87' lang='lat' dir='ltr'><strong>Dicam</strong></span> <span class='ocrx_word' id='word_1_80' title='bbox 404 2899 432 2944; x_wconf 90' lang='lat' dir='ltr'>et</span> <span class='ocrx_word' id='word_1_81' title='bbox 443 2889 570 2958; x_wconf 88' lang='lat' dir='ltr'>Alciden,</span> <span class='ocrx_word' id='word_1_82' title='bbox 583 2905 737 2959; x_wconf 89' lang='lat' dir='ltr'>puerosque</span> <span class='ocrx_word' id='word_1_83' title='bbox 750 2886 850 2954; x_wconf 86' lang='lat' dir='ltr'>Ledae,</span> 
     </span>
    </p>

    <p class='ocr_par' dir='ltr' id='par_1_15' title="bbox 290 2970 820 3044">
     <span class='ocr_line' id='line_1_20' title="bbox 290 2970 820 3044; baseline -0.006 -18"><span class='ocrx_word' id='word_1_84' title='bbox 290 2974 375 3027; x_wconf 91' lang='lat' dir='ltr'>Hunc</span> <span class='ocrx_word' id='word_1_85' title='bbox 388 2973 475 3044; x_wconf 87' lang='lat' dir='ltr'>equis,</span> <span class='ocrx_word' id='word_1_86' title='bbox 487 2973 565 3027; x_wconf 92' lang='lat' dir='ltr'>illum</span> <span class='ocrx_word' id='word_1_87' title='bbox 578 2989 706 3042; x_wconf 86' lang='lat' dir='ltr'>superare</span> <span class='ocrx_word' id='word_1_88' title='bbox 719 2970 820 3041; x_wconf 86' lang='lat' dir='ltr'>pugnis</span> 
     </span>
    </p>

    <p class='ocr_par' dir='ltr' id='par_1_16' title="bbox 290 3053 854 3206">
     <span class='ocr_line' id='line_1_21' title="bbox 290 3053 854 3126; baseline -0.005 -17"><span class='ocrx_word' id='word_1_89' title='bbox 290 3056 423 3111; x_wconf 90' lang='lat' dir='ltr'>Nobilem</span> <span class='ocrx_word' id='word_1_90' title='bbox 434 3074 442 3121; x_wconf 91' lang='lat'>;</span> <span class='ocrx_word' id='word_1_91' title='bbox 459 3073 578 3126; x_wconf 91' lang='lat' dir='ltr'><strong>quorum</strong></span> <span class='ocrx_word' id='word_1_92' title='bbox 590 3055 674 3110; x_wconf 92' lang='lat' dir='ltr'>simul</span> <span class='ocrx_word' id='word_1_93' title='bbox 685 3053 751 3108; x_wconf 84' lang='lat' dir='ltr'>alba</span> <span class='ocrx_word' id='word_1_94' title='bbox 762 3053 854 3108; x_wconf 90' lang='lat' dir='ltr'>nautis</span> 
     </span>
     <span class='ocr_line' id='line_1_22' title="bbox 360 3137 571 3206; baseline 0.019 -18"><span class='ocrx_word' id='word_1_95' title='bbox 360 3137 447 3193; x_wconf 88' lang='lat' dir='ltr'>Stella</span> <span class='ocrx_word' id='word_1_96' title='bbox 458 3138 571 3206; x_wconf 85' lang='lat' dir='ltr'>refulsit,</span> 
     </span>
    </p>
   </div>
   <div class='ocr_carea' id='block_1_7' title="bbox 291 3233 830 3539">
    <p class='ocr_par' dir='ltr' id='par_1_17' title="bbox 291 3233 738 3304">
     <span class='ocr_line' id='line_1_23' title="bbox 291 3233 738 3304; baseline -0.002 -18"><span class='ocrx_word' id='word_1_97' title='bbox 291 3233 396 3288; x_wconf 86' lang='lat' dir='ltr'>Defluit</span> <span class='ocrx_word' id='word_1_98' title='bbox 409 3233 483 3289; x_wconf 88' lang='lat' dir='ltr'>saxis</span> <span class='ocrx_word' id='word_1_99' title='bbox 496 3233 618 3304; x_wconf 86' lang='lat' dir='ltr'>agitatus</span> <span class='ocrx_word' id='word_1_100' title='bbox 630 3234 738 3300; x_wconf 89' lang='lat' dir='ltr'><strong>humor,</strong></span> 
     </span>
    </p>

    <p class='ocr_par' dir='ltr' id='par_1_18' title="bbox 291 3317 830 3387">
     <span class='ocr_line' id='line_1_24' title="bbox 291 3317 830 3387; baseline 0 -16"><span class='ocrx_word' id='word_1_101' title='bbox 291 3317 449 3372; x_wconf 90' lang='lat' dir='ltr'>Concidunt</span> <span class='ocrx_word' id='word_1_102' title='bbox 460 3318 544 3386; x_wconf 89' lang='lat' dir='ltr'>venti,</span> <span class='ocrx_word' id='word_1_103' title='bbox 557 3317 721 3387; x_wconf 86' lang='lat' dir='ltr'>fugiuntque</span> <span class='ocrx_word' id='word_1_104' title='bbox 732 3317 830 3384; x_wconf 87' lang='lat' dir='ltr'>nubes,</span> 
     </span>
    </p>

    <p class='ocr_par' dir='ltr' id='par_1_19' title="bbox 292 3399 821 3539">
     <span class='ocr_line' id='line_1_25' title="bbox 292 3399 821 3470; baseline 0 -16"><span class='ocrx_word' id='word_1_105' title='bbox 292 3401 329 3454; x_wconf 91' lang='lat' dir='ltr'>Et</span> <span class='ocrx_word' id='word_1_106' title='bbox 340 3401 436 3454; x_wconf 87' lang='lat' dir='ltr'>minax</span> <span class='ocrx_word' id='word_1_107' title='bbox 449 3399 535 3470; x_wconf 90' lang='lat' dir='ltr'><strong>(quod</strong></span> <span class='ocrx_word' id='word_1_108' title='bbox 548 3399 588 3454; x_wconf 88' lang='lat' dir='ltr'>sic</span> <span class='ocrx_word' id='word_1_109' title='bbox 600 3399 721 3469; x_wconf 90' lang='lat' dir='ltr'>voluere)</span> <span class='ocrx_word' id='word_1_110' title='bbox 734 3409 821 3469; x_wconf 87' lang='lat' dir='ltr'>ponto</span> 
     </span>
     <span class='ocr_line' id='line_1_26' title="bbox 361 3482 603 3539; baseline 0.004 -1"><span class='ocrx_word' id='word_1_111' title='bbox 361 3482 449 3538; x_wconf 89' lang='lat' dir='ltr'>Unda</span> <span class='ocrx_word' id='word_1_112' title='bbox 460 3483 603 3539; x_wconf 68' lang='lat' dir='ltr'>recumbit,</span> 
     </span>
    </p>
   </div>
   <div class='ocr_carea' id='block_1_8' title="bbox 600 3594 618 3638">
    <p class='ocr_par' dir='ltr' id='par_1_20' title="bbox 600 3594 618 3638">
     <span class='ocr_line' id='line_1_27' title="bbox 600 3594 618 3638; baseline 0 0"><span class='ocrx_word' id='word_1_113' title='bbox 600 3594 618 3638; x_wconf 89' lang='lat' dir='ltr'>C</span> 
     </span>
    </p>
   </div>
   <div class='ocr_carea' id='block_1_9' title="bbox 0 0 1399 4162">
    <p class='ocr_par' dir='ltr' id='par_1_21' title="bbox 0 0 1399 4162">
     <span class='ocr_line' id='line_1_28' title="bbox 0 0 1399 4162; baseline 0 0"><span class='ocrx_word' id='word_1_114' title='bbox 0 0 1399 4162; x_wconf 95' lang='lat' dir='ltr'> </span> 
     </span>
    </p>
   </div>
  </div>
 </body>
</html>
