2748 4138
334 425 393 482 260
564 437 696 481 uomru
719 437 937 482 arrsromnuu

332 569 422 636 Saepe
434 566 627 636 periscelidem
639 577 750 638 raptam
763 568 817 622 sibi
829 568 922 622 flentis
932 587 940 634 3
958 567 999 623 uti
1011 585 1076 622 mox

332 650 419 703 Nulla
430 649 500 704 fides
513 649 624 704 danmis
636 651 764 721 verisque
776 651 919 706 doloribus
932 651 1013 706 adsit

331 735 393 787 Nec
406 733 492 787 semel
505 733 599 788 irrisus
612 732 701 788 triviis
713 735 838 788 attollere
850 744 929 788 curat

330 817 432 870 Fracto
445 833 523 871 crure
535 818 659 886 planum,
671 817 736 872 licet
749 817 788 872 illi
800 817 921 887 plurima
933 826 1028 872 manet

332 900 468 967 Lacrima,
481 915 532 969 per
544 910 672 954 sanctum
681 900 791 970 juratus
803 901 880 955 dicat
894 900 999 955 Osirim
1010 919 1018 966 ;

331 983 451 1051 Credite,
463 999 520 1037 non
532 983 599 1037 ludo
610 1003 618 1049 ;
636 983 772 1051 crudeles,
784 984 873 1038 tollite
885 983 1024 1038 claudum.

332 1067 440 1135 Quaere
452 1067 637 1136 peregrinum,
649 1067 753 1120 vicinia
764 1083 850 1121 rauca
860 1068 1002 1121 reclamat
1163 1089 1188 1127 ὁ,

566 1301 790 1356 EPISTOLA
818 1302 945 1356 XVIII.

647 1447 690 1488 ao
710 1445 857 1489 normuu.

331 1569 363 1622 S1
376 1568 448 1622 bene
457 1577 485 1622 te
497 1567 571 1634 novi,
584 1576 700 1635 metues,
712 1567 853 1621 liberrime
866 1567 945 1634 Lolli,

330 1651 489 1706 Scurranus
502 1650 624 1721 speciem
636 1650 777 1720 praebere,
790 1650 932 1721 professus
944 1648 1074 1704 amIcum.

332 1736 373 1788 Ut
385 1744 515 1789 matrona
526 1735 664 1789 meretrici
676 1735 772 1804 dispar
784 1736 836 1789 erit
849 1745 933 1806 atque

330 1818 470 1885 Discolor,
483 1817 569 1871 infido
582 1834 693 1872 scurrae
705 1817 822 1872 distabit
834 1819 949 1872 amicus.

331 1903 383 1954 Est
395 1901 460 1955 huic
473 1901 614 1954 diversum
626 1901 695 1955 vitio
707 1901 806 1956 vitium
818 1919 905 1972 prope
917 1901 1017 1971 majus

328 1984 473 2053 Asperitas
486 1983 603 2052 agrestis
617 1992 644 2037 et
656 1984 824 2038 inconcinna
836 1985 993 2055 gravisque,

331 2069 410 2136 Quae
423 2083 453 2120 se
465 2066 644 2120 commendat
657 2076 739 2121 tonsa
751 2077 823 2135 cute,
836 2067 966 2122 dentibus
979 2067 1047 2122 atris
1058 2087 1066 2132 ;

330 2153 407 2204 Dum
419 2150 477 2203 volt
489 2149 604 2204 libertas
616 2150 672 2204 dici
686 2167 771 2219 mera,
783 2167 904 2220 veraque
916 2151 1011 2205 virtus

329 2233 425 2287 Virtus
438 2242 480 2286 est
492 2233 617 2294 medium
629 2233 769 2302 vitiorum,
782 2243 810 2288 et
822 2234 951 2304 utrinque
963 2233 1118 2288 reductum.

327 2317 406 2370 Alter
418 2317 447 2369 in
460 2316 625 2386 obsequium
637 2317 700 2386 plus
713 2333 803 2387 aequo
815 2333 928 2386 pronus,
941 2327 969 2371 et
981 2317 1030 2371 imi

330 2399 445 2453 Derisor
456 2399 530 2467 lecti,
543 2399 583 2453 sic
596 2409 695 2454 nutum
708 2399 802 2454 divitis
814 2401 916 2467 horret,

328 2483 375 2536 Sic
389 2483 470 2536 iterat
482 2499 574 2550 voces,
587 2492 614 2536 et
626 2483 713 2537 verba
725 2482 855 2537 cadentia
867 2483 948 2550 tollit,

328 2567 370 2620 Ut
381 2581 498 2635 puerum
511 2581 595 2619 saevo
608 2566 706 2620 credas
719 2565 825 2620 dictata
837 2565 971 2635 magistro

327 2648 464 2716 Reddere,
477 2649 521 2702 vel
533 2657 627 2717 partes
639 2648 758 2705 mimum
770 2657 890 2703 tractare
903 2647 1047 2702 secundas.

325 2732 405 2786 Alter
417 2730 521 2784 rixatur
533 2731 569 2784 de
580 2731 647 2784 lana
659 2747 743 2801 saepe
756 2731 870 2801 caprina
881 2751 889 2799 3

329 2817 489 2884 Propugnat
501 2813 583 2882 nugis
596 2823 727 2868 armatus
766 2814 886 2883 Scilicet,
900 2823 999 2868 utnon

329 2899 371 2952 Sit
383 2897 452 2951 mihi
464 2896 555 2966 prima
567 2896 636 2951 fides
647 2917 655 2963 ;
673 2906 710 2965 et,
722 2914 786 2952 vere
799 2898 875 2968 quod
886 2899 987 2968 placet,
1000 2907 1099 2952 utnon

327 2982 436 3036 Acriter
448 2980 581 3035 elatrem?
618 2981 741 3034 Pretium
754 2990 831 3035 aetas
845 2982 932 3035 altera
944 2980 1045 3035 sordet.

328 3063 488 3133 Ambigitur
500 3063 567 3134 quid
580 3063 675 3117 enim?
692 3065 795 3129 ¹Castor
807 3064 885 3132 sciat,
898 3081 935 3118 an
948 3063 1084 3118 Dolichos
1096 3061 1159 3132 plus
1172 3083 1179 3128 ;

329 3147 511 3202 Brundisium
525 3146 633 3201 Minuci
645 3148 744 3203 melius
756 3148 802 3203 via
815 3148 907 3216 ducat,
920 3165 957 3202 an
969 3148 1051 3218 Appi.

330 3233 421 3300 Quem
434 3230 572 3284 damnosa
584 3231 687 3299 Venus,
701 3249 784 3302 quem
796 3248 929 3301 praeceps
942 3232 1004 3285 alea
1016 3230 1112 3297 nudat,

330 3313 427 3368 Gloria
439 3330 523 3384 quem
536 3330 620 3382 supra
631 3313 704 3368 vires
716 3323 744 3368 et
755 3315 838 3368 vestit
851 3324 878 3369 et
890 3314 979 3384 ungit,

332 3398 423 3466 Quem
436 3405 511 3450 tenet
523 3395 632 3464 argenti
644 3396 705 3450 sitis
718 3397 878 3467 importuna
889 3397 1041 3467 famesque,

333 3480 424 3548 Quem
436 3478 608 3548 paupertatis
620 3479 711 3549 pudor
723 3489 750 3534 et
762 3480 836 3550 fuga,
849 3481 927 3537 dives
940 3480 1055 3547 amicus,
1167 3516 1191 3552 24
