2792 4168
436 465 529 508 LIBER
552 465 589 507 1v.
612 463 615 468 ’
637 466 767 509 CARMEN
791 467 836 509 111.
1002 471 1056 508 121

493 929 683 982 CARMEN
716 930 780 982 ΙΙΙ.

491 1088 534 1130 AD
554 1089 780 1132 MELPOMENEN.

321 1225 416 1293 QUEM
429 1232 467 1290 tu,
482 1224 668 1292 Melpomene,
681 1223 768 1277 semel

356 1308 529 1359 Nascentem
540 1304 651 1374 placido
664 1306 769 1360 lumine
781 1305 892 1373 videris,

321 1389 404 1442 Illum
416 1405 473 1442 non
485 1388 566 1442 labor
579 1389 714 1443 Isthmius

357 1471 483 1526 Clarabit
494 1471 627 1540 pugilem,
640 1489 698 1525 non
711 1488 798 1542 equus
811 1471 930 1541 impiger

323 1631 411 1685 Curru
423 1630 506 1684 ducet
518 1630 643 1685 Achaico

355 1715 517 1779 Victorem3
535 1731 626 1785 neque
639 1731 683 1769 res
695 1714 797 1768 bellica
809 1713 898 1767 Deliis

323 1797 461 1851 Ornatum
473 1797 545 1851 foliis
559 1798 669 1866 ducem,

358 1880 441 1949 Quod
453 1897 551 1950 regum
563 1880 686 1935 tumidas
698 1879 856 1935 contuderit
868 1879 969 1946 minas,

323 2037 459 2091 Ostendet
472 2037 627 2107 Capitolio:

359 2119 416 2173 Sed
428 2137 500 2190 quae
512 2120 601 2176 Tibur
613 2137 704 2190 aquae
716 2120 805 2176 fertile
817 2121 982 2190 praefluunt,

324 2203 362 2256 Et
375 2201 482 2271 spissae
494 2219 639 2257 nemorum
653 2219 751 2258 comae

360 2284 481 2352 Fingent
492 2285 590 2339 Aeolio
603 2286 727 2340 carmine
739 2285 870 2340 nobilem.

324 2444 432 2496 Rornae
445 2441 579 2511 principis
592 2441 703 2496 urbium

360 2524 501 2594 Dignatur
513 2524 623 2579 soboles
637 2523 709 2578 inter
720 2523 857 2578 amabiles

323 2609 427 2661 Vatum
439 2623 543 2677 ponere
556 2623 601 2662 me
614 2606 723 2675 choros,

361 2692 398 2744 Et
408 2691 469 2759 jam
481 2689 565 2745 dente
577 2690 669 2744 minus
682 2688 812 2744 mordeor
823 2687 926 2742 invido.

325 2852 349 2904 Ο
363 2849 511 2905 testudinis
524 2865 624 2906 aureae

361 2935 481 2988 Dulcem
493 2950 565 3004 quae
577 2931 734 3002 strepitum,
747 2929 829 2997 Pieri,
842 2938 990 2998 temperas,

326 3019 351 3071 Ο
365 3016 450 3070 mutis
463 3033 573 3086 quoque
585 3014 711 3085 piscibus

361 3102 509 3154 Donatura
521 3098 610 3169 cycni,
622 3097 647 3152 si
658 3097 752 3164 libeat,
765 3111 874 3161 sonum,

327 3259 431 3313 Totum
443 3256 565 3311 muneris
577 3257 632 3310 hoc
644 3254 684 3309 tui
697 3261 748 3320 est,

364 3340 447 3412 Quod
460 3348 599 3394 monstror
610 3337 699 3408 digito
711 3334 947 3406 praetereuntium

328 3426 474 3478 Romanae
486 3422 588 3476 fidicen
600 3422 693 3490 lyrae:

364 3507 448 3577 Quod
461 3506 535 3576 spiro
548 3515 576 3560 et
587 3505 693 3576 placeo,
707 3501 730 3558 si
742 3502 848 3572 placeo,
861 3510 941 3555 tuum
953 3508 1001 3553 est.
