2804 4176
477 445 570 487 urana
593 446 612 486 1.
657 445 768 487 surina
789 445 816 487 v.
1014 429 1070 503 183

224 577 249 629 Ο
263 574 310 645 qui
323 574 483 644 complexus
496 582 524 627 et
535 572 639 642 gaudia
651 582 756 643 quanta
767 572 878 627 fuerunt
891 576 896 628 ἔ

225 659 274 711 Nil
286 675 338 727 ego
353 656 517 712 contulerim
526 656 651 725 jucundo
665 672 749 709 sanus
762 656 861 710 amice.

223 741 354 794 Proxima
366 742 511 809 Campano
523 739 601 809 ponti
615 755 686 809 quae
698 739 801 806 villula,
815 748 920 793 tectum

223 824 354 877 Praebuit
367 843 374 888 ;
393 833 421 877 et
433 822 558 892 parochi,
569 838 640 892 quae
652 821 764 888 debent,
777 822 853 891 ligna
866 824 1014 894 salemque.

226 906 302 959 Hinc
316 905 384 959 muli
399 907 512 974 Capuae
525 905 641 958 clitellas
653 914 778 973 ternpore
791 914 906 973 ponunt.

226 988 331 1042 Lusum
344 987 365 1040 it
379 990 540 1055 Maecenas,
553 987 705 1041 dormitum
717 1003 768 1056 ego
781 987 986 1059 Virgiliusque3

224 1072 355 1141 Namque
367 1071 424 1140 pila
436 1070 518 1140 lippis
532 1070 677 1124 inimicum
690 1080 717 1124 et
730 1070 824 1124 ludere
836 1071 937 1126 crudis.

224 1155 300 1208 Hinc
313 1171 364 1208 nos
378 1154 488 1209 Cocceii
502 1154 600 1224 recipit
612 1154 776 1223 plenissima
787 1154 861 1221 villa,

224 1237 303 1306 Quae
316 1247 453 1306 superest
466 1237 555 1292 Caudi
569 1253 721 1306 cauponas.
760 1238 843 1290 Nunc
855 1236 925 1290 mihi
938 1237 1034 1306 paucis

223 1322 364 1376 Sarmenti
378 1337 490 1375 scurrae
502 1337 626 1390 pugnarn
640 1320 782 1391 Messique
795 1319 920 1387 Cicirrhi‚

223 1407 315 1472 Musa,
327 1405 412 1459 velim
424 1421 570 1472 memores,
584 1414 612 1458 et
624 1421 680 1475 quo
692 1413 771 1474 patre
784 1414 866 1458 natus
879 1413 993 1474 uterque

223 1488 377 1543 Contulerit
389 1488 461 1542 lites.
500 1487 589 1542 Messi
602 1487 709 1541 clarum
721 1503 809 1556 genus
823 1486 890 1540 Osci
903 1505 910 1550 ;

222 1572 361 1626 Sarmenti
375 1571 491 1625 domina
503 1579 601 1626 exstat
638 1570 683 1624 Ab
696 1571 741 1624 his
754 1570 906 1639 majoribus
919 1569 972 1623 orti

220 1656 266 1709 Ad
278 1672 402 1724 pugnam
413 1671 523 1709 venere.
563 1654 642 1707 Prior
656 1655 828 1721 Sarmentus,
842 1653 916 1724 Equi
929 1662 956 1707 te

222 1739 294 1792 Esse
306 1739 355 1793 ieri
369 1738 490 1792 similem
502 1737 574 1791 dico.
615 1737 768 1790 Ridemus:
789 1746 816 1790 et
829 1729 896 1805 ipse¹

223 1822 353 1889 Messius,
365 1822 500 1891 Accipio:
521 1829 606 1890 caput
619 1831 646 1874 et
659 1829 760 1874 movet.
799 1821 833 1887 O,
845 1830 895 1874 tua
906 1836 993 1874 cornu

224 1904 262 1956 Ni
274 1905 345 1959 foret
359 1913 470 1959 exsecto
482 1903 568 1972 frons,
581 1903 679 1974 iuquit,
693 1904 760 1974 quid
772 1903 964 1971 faceres'cum

223 1987 270 2041 Sic
283 1987 396 2040 mutilus
409 1986 566 2041 minitaris?
602 1987 640 2039 At
654 1986 692 2038 illi
705 1986 788 2040 foeda
800 1985 914 2040 cicatrix

223 2071 353 2124 Setosam
365 2069 436 2122 laevi
449 2069 570 2123 frontem
582 2077 741 2138 turpaverat
754 2069 817 2122 oris.

224 2153 400 2222 Campanum
413 2153 441 2204 in
454 2153 593 2218 morbum,
606 2151 635 2204 in
648 2151 749 2205 faciem
761 2153 899 2221 permulta
906 2149 1026 2220 jocatus,

223 2238 369 2289 Pastorem
382 2237 495 2289 saltaret
508 2235 548 2288 uti
562 2236 687 2304 Cyclopa
698 2236 816 2304 rogabat
827 2254 834 2299 ;

224 2319 273 2372 Nil
285 2319 324 2371 illi
337 2319 415 2371 larva
427 2327 476 2371 aut
487 2316 601 2386 tragicis
614 2333 684 2386 opus
698 2334 759 2370 esse
771 2317 921 2371 cothurnis.

223 2403 315 2456 Multa
329 2401 469 2455 Cicirrhus
482 2400 518 2453 ad
531 2400 609 2467 haec,
623 2400 755 2455 donasset
764 2399 860 2469 jamne
874 2409 1001 2455 catenam

223 2487 267 2539 Ex
278 2494 344 2539 voto
358 2483 484 2550 Laribus,
497 2482 667 2553 quaerebat?
687 2482 779 2536 scriba
791 2483 866 2553 quod
878 2493 962 2551 esset,
986 2521 988 2525 ,

224 2567 319 2621 Nihilo
332 2566 453 2620 deterius
466 2565 597 2619 dominae
606 2565 653 2634 jus
666 2581 735 2618 esse.
774 2566 904 2634 Rogabat

223 2650 360 2720 Denique,
373 2667 422 2703 cur
434 2664 559 2719 unquam
571 2647 706 2717 fugisset3
725 2647 769 2701 cui
783 2649 851 2701 satis
864 2665 921 2702 una

223 2733 316 2786 Farris
329 2732 400 2785 libra
412 2732 491 2798 soret,
503 2730 600 2800 gracili
610 2730 653 2796 sic
667 2739 780 2800 tamque
793 2731 912 2800 pusillo?

223 2817 339 2870 Prorsus
348 2814 471 2884 jucunde
484 2830 601 2868 coenam
613 2813 795 2882 produximus
809 2813 894 2867 illam.

222 2897 376 2951 Tendimus
389 2896 455 2949 hinc
464 2905 541 2950 recta
554 2897 745 2950 Beneventum
757 2914 763 2960 ;
782 2895 830 2949 ubi
844 2894 955 2950 sedulus
967 2896 1070 2965 hospes

223 2981 315 3034 Paene
328 2995 437 3032 macros
450 2978 526 3046 arsit,
538 2978 607 3032 dum
619 2978 715 3032 turdos
728 2988 819 3032 versat
833 2978 861 3033 iu
874 2978 948 3048 igni:

224 3065 301 3117 Nam
312 3079 385 3131 vaga
396 3079 445 3132 per
458 3071 580 3116 veterem
592 3061 701 3131 dilapso
713 3061 828 3114 flamma
840 3061 962 3115 culinam

222 3148 347 3201 Volcano
361 3162 501 3200 summurn
513 3145 682 3214 properabat
694 3144 818 3198 lambere
831 3153 942 3199 tectum.

223 3230 362 3284 Convivas
375 3229 472 3283 avidos
484 3245 602 3283 coenam
615 3245 764 3298 servosque
776 3228 906 3282 timentes

222 3314 296 3368 Tum
309 3329 413 3383 rapere,
427 3321 510 3383 atque
523 3327 621 3365 omnes
634 3311 806 3380 restinguere
819 3312 889 3366 velle
901 3312 1016 3367 videres.

224 3397 326 3466 Incipit
339 3414 372 3450 ex
385 3396 432 3450 illo
445 3404 554 3450 montes
567 3395 670 3464 Apulia
681 3405 763 3449 notos

223 3480 372 3534 Ostentare
384 3478 462 3548 mihi,
475 3495 544 3550 quos
557 3487 643 3533 torret
654 3479 792 3534 Atabulus
803 3498 811 3545 ;
829 3488 857 3533 et
870 3497 940 3550 quos
1046 3503 1070 3550 ,s
