2792 4168
439 429 533 470 murm
557 429 601 471 111.
647 429 779 472 curruum
803 431 848 472 111.
1036 436 1074 492 ῃ

506 770 693 823 CARMEN
723 773 784 824 111.

379 917 503 983 JUSTUM
517 924 545 974 et
557 925 686 969 tenacem
698 917 834 986 propositi
847 920 937 973 virum

382 999 448 1052 Non
461 998 564 1052 civium
577 999 660 1052 ardor
671 1016 759 1068 prava
767 1000 934 1069 jubentium,

416 1083 483 1134 Non
495 1082 586 1136 voltus
599 1082 729 1136 instantis
742 1084 853 1151 tyranni

451 1161 550 1218 Mente
561 1165 651 1235 quatit
664 1165 762 1232 solida,
774 1183 865 1236 neque
876 1169 979 1222 Auster

380 1298 445 1351 Dux
458 1297 574 1369 inquieti
587 1298 715 1352 turbidus
730 1299 863 1366 Hadriae,

380 1381 441 1434 Nec
454 1380 628 1434 fulminantis
641 1398 745 1450 magna
757 1399 857 1436 manus
869 1385 946 1451 Jovis
958 1405 963 1437 ε

414 1463 445 1517 Si
457 1463 561 1518 fractus
575 1464 705 1518 illabatur
717 1466 802 1532 orbiS,

448 1547 626 1616 Impavidum
639 1546 737 1601 ferient
749 1549 852 1602 ruinae.

379 1681 442 1735 Hac
456 1691 515 1736 arte
529 1682 626 1735 Pollux
639 1690 666 1734 et
678 1698 766 1750 vagus
781 1683 917 1736 Hercules

378 1765 483 1818 Enisus
496 1781 574 1820 arces
587 1764 681 1834 attigit
693 1764 789 1834 igneas
801 1785 808 1830 3

413 1850 491 1917 Quos
504 1848 576 1902 inter
588 1849 731 1917 Augustus
744 1850 910 1902 recumbens

446 1933 588 2001 Purpureo
600 1931 672 1985 bibit
685 1948 732 1984 ore
744 1942 846 1985 nectar.

376 2064 440 2117 Hac
453 2073 481 2117 te
493 2073 656 2130 merentem,
671 2065 782 2118 Bacche
795 2075 882 2134 pater,
895 2076 959 2120 tuae

373 2148 480 2200 Vexere
492 2147 585 2216 tigres,
601 2147 715 2201 indocili
724 2148 824 2217 jugum

410 2230 489 2283 Collo
502 2231 662 2295 trahentes;
680 2231 733 2284 hac
749 2232 881 2301 Quirinus

444 2313 545 2366 Martis
558 2313 636 2383 equis
650 2313 811 2367 Acheronta
822 2315 892 2384 sugit
905 2336 911 2379 ;

374 2447 493 2500 Gratum
506 2447 616 2500 elocuta
629 2445 840 2501 consiliantibus

371 2530 480 2598 Junone
493 2530 591 2583 Divis:
614 2529 694 2597 Ilion,
710 2530 781 2584 llion

408 2613 514 2666 Fatalis
527 2614 705 2683 incestusque
714 2613 808 2682 judex,

442 2697 479 2749 Et
491 2695 590 2749 mulier
601 2696 748 2765 peregrina
759 2696 841 2750 vertit

372 2831 406 2882 ln
420 2831 570 2899 pulverem,
583 2847 617 2885 ex
630 2848 684 2901 quo
698 2831 824 2885 destituit
839 2833 914 2884 Deos

372 2912 503 2966 Mercede
515 2922 599 2982 pacta
613 2913 783 2981 Laomedon,
796 2913 864 2966 mihi

406 2995 562 3065 Castaeque
574 2995 739 3050 damnatum
753 2996 897 3050 Minervae

441 3079 512 3131 Cum
524 3080 627 3147 populo
640 3089 667 3133 et
679 3080 750 3134 duce
762 3080 945 3134 fraudulento.

367 3212 431 3280 Jam
443 3227 496 3265 nec
511 3212 655 3265 Lacaenae
668 3213 795 3282 splendet
808 3213 950 3268 adulterae

370 3296 508 3348 Famosus
520 3295 631 3363 hospes,
644 3313 696 3350 nec
710 3296 813 3350 Priami
826 3297 925 3351 domus

404 3379 518 3448 Perjura
529 3395 671 3448 pugnaces
683 3380 806 3434 Achivos

439 3461 587 3518 Hectoreis
599 3462 699 3532 opibus
712 3463 836 3535 refringit
849 3484 855 3528 ;
