2792 4168
606 467 738 510 HORATII
766 468 938 512 CARMINUM

485 598 531 650 Ah
543 600 549 649 !
569 606 597 650 te
609 613 689 650 meae
703 597 727 650 si
739 607 849 666 partem
861 598 972 651 animae
985 599 1058 668 rapit

488 681 626 735 Maturior
637 681 689 748 viS,
702 681 769 751 quid
782 697 876 735 moror
888 682 984 749 altera,

523 765 584 816 Nec
597 780 678 818 carus
691 781 787 834 aeque,
800 781 852 818 nec
866 774 1006 834 superstes

558 847 688 916 Integer?
727 847 778 900 Ille
791 847 851 900 dies
864 857 1011 918 utramque

488 1006 581 1057 Ducet
593 1005 703 1057 ruinam
715 1024 720 1057 :
741 1022 799 1058 non
811 1022 864 1074 ego
877 1005 1012 1074 perfidum

489 1086 554 1139 Dixi
567 1096 791 1141 sacramentum:
813 1087 924 1155 ibimuS,
937 1088 1048 1154 ibimus

523 1171 675 1241 Utcunque
687 1171 847 1238 praecedes,
861 1187 1022 1240 supremum

559 1255 680 1322 Carpere
694 1254 746 1306 iter
759 1253 876 1306 comites
889 1254 986 1322 parati.

488 1413 536 1464 Me
550 1427 601 1463 nec
617 1410 782 1464 Chimaerae
795 1410 908 1478 spiritus
922 1410 1041 1478 igneae*

489 1496 558 1561 Nec,
572 1495 595 1546 si
608 1504 734 1562 resurgat
747 1494 923 1548 centimanus
937 1495 1023 1562 Gyas,

522 1577 643 1630 Divellet
657 1593 797 1646 unquam:
818 1577 858 1630 sic
869 1577 975 1645 potenti

556 1659 684 1728 Justitiae
698 1660 887 1730 placitumque
902 1659 1003 1712 Parcis.

488 1817 543 1869 Seu
558 1815 649 1882 Libra,
663 1832 712 1870 seu
725 1833 770 1868 me
784 1816 915 1884 Scorpios
929 1817 1049 1886 adspicit

488 1899 707 1966 FormidolosuS‚
720 1916 785 1968 pars
798 1899 945 1953 violentior

524 1981 635 2034 Natalis
648 1982 742 2049 horae,
756 1999 805 2035 seu
819 1992 952 2049 tyrannus

559 2065 714 2134 Hesperiae
727 2065 913 2134 Capricornus
926 2066 1018 2120 undae
1030 2086 1036 2130 ;

488 2223 646 2292 Utrumque
658 2233 785 2276 nostrum
799 2223 954 2277 incredibili
967 2225 1052 2279 modo

490 2305 634 2359 Consentit
645 2315 758 2358 astrum.
796 2307 838 2359 Te
849 2307 926 2375 Jovis
939 2307 1026 2376 impio

522 2390 624 2442 Tutela
636 2391 758 2443 Saturno
771 2389 909 2459 refulgens

558 2473 677 2541 Eripuit,
689 2473 866 2544 volucrisque
880 2475 943 2527 Fati

488 2632 623 2684 Tardavit
635 2632 703 2699 alas,
717 2649 782 2685 cum
795 2632 914 2700 populus
927 2631 1056 2702 frequens

489 2716 605 2768 Laetum
618 2715 734 2767 theatris
747 2725 789 2768 ter
802 2714 909 2783 crepuit
922 2731 1038 2768 sonum:

524 2799 572 2850 Me
585 2807 699 2851 truncus
713 2797 828 2866 illapsus
841 2798 955 2850 cerebro

559 2880 725 2948 Sustulerat‚
739 2880 792 2932 nisi
808 2881 922 2933 Faunus
935 2880 1021 2933 ictum

489 3040 596 3091 Dextra
608 3039 737 3102 levasset,
749 3036 956 3089 Mercurialium

489 3123 590 3174 Custos
603 3121 732 3175 virorum.
771 3119 899 3172 Reddere
911 3118 1039 3171 victimas

523 3204 685 3273 Aedemque
698 3201 820 3255 votivam
834 3210 990 3254 memento:

560 3288 620 3340 Nos
634 3285 767 3339 humilem
777 3284 906 3338 feriemus
920 3300 1030 3352 agnam.
