2748 4138
339 426 397 486 ²5²
572 425 704 470 HORATII
728 425 946 468 EPISTOLARUM

337 554 386 606 Nil
398 570 515 623 parvum
528 553 630 623 sapias,
644 563 671 608 et
684 554 776 608 adhuc
789 554 921 608 sublimia
934 571 1030 609 cures:

336 639 416 706 Quae
427 654 505 692 mare
517 647 697 706 compescant
711 655 812 692 causae
823 657 830 703 ;
849 639 916 708 quid
929 647 1064 708 temperet
1077 655 1183 692 annum
1198 658 1204 703 ;

337 720 440 774 Stellae
453 730 552 789 sponte
565 737 624 788 sua,
634 721 766 790 jussaene
778 730 915 790 vagentur
928 730 955 775 et
968 730 1060 775 errent
1071 741 1078 785 ;

336 803 411 872 Quid
424 812 533 872 premat
545 804 695 857 obscurum
708 805 798 871 lunae,
812 803 878 873 quid
891 803 1014 873 proferat
1027 805 1123 858 orbem
1136 823 1142 868 ;

336 887 411 957 Quid
422 887 490 941 velit
502 895 529 940 et
542 886 632 957 possit
644 903 737 941 rerum
749 887 900 941 concordia
912 887 1019 941 discors
1031 907 1038 950 ;

336 969 531 1038 Empedocles
547 987 584 1023 an
598 969 762 1024 Stertinium
775 969 874 1024 deliret
886 986 1015 1023 acumen.

334 1056 447 1121 Verum,
461 1070 509 1107 seu
523 1053 623 1123 pisceS,
637 1071 686 1108 seu
698 1071 812 1123 porrum
825 1062 853 1108 et
866 1070 952 1123 caepe
964 1053 1096 1120 trucidas,

336 1137 423 1191 Utere
437 1137 572 1207 Pompeio
585 1137 716 1206 Grospho
727 1156 734 1201 3
753 1146 781 1191 et
794 1135 817 1190 si
830 1137 898 1207 quid
910 1145 994 1207 petet,
1007 1137 1079 1190 ultro

336 1220 437 1274 Defer:
458 1219 498 1272 nil
511 1220 657 1290 Grosphus
670 1219 724 1273 nisi
736 1237 833 1273 verum
846 1219 937 1273 orabit
950 1229 977 1274 et
989 1236 1117 1289 aequum.

334 1304 405 1357 Vilis
419 1303 573 1357 amicorum
586 1313 629 1357 est
641 1320 762 1369 annona,
775 1303 857 1357 bonis
870 1303 918 1356 ubi
932 1302 1000 1373 quid
1012 1303 1098 1357 deest.

336 1389 381 1440 Ne
394 1397 490 1441 tamen
503 1387 614 1456 ignores
627 1403 682 1456 quo
696 1387 732 1440 sit
746 1389 876 1440 Romana
888 1387 950 1440 loco
962 1402 1023 1440 res:

337 1471 478 1525 Cantaber
489 1469 639 1539 Agrippae,
655 1470 754 1524 Claudi
766 1470 868 1523 virtute
882 1470 1004 1523 Neronis

334 1553 483 1606 Armenius
497 1553 615 1607 cecidit:
633 1553 679 1622 jus
693 1553 894 1623 imperiumque
908 1553 1042 1606 Phraates

337 1635 464 1689 Caesaris
477 1635 586 1704 accepit
599 1635 717 1704 genibus
730 1635 837 1689 minor:
859 1653 943 1690 aurea
955 1635 1047 1705 fruges

338 1718 436 1772 Italiae
449 1718 533 1788 pleno
546 1718 673 1772 defundit
687 1718 777 1788 Copia
788 1735 884 1772 comu.
1139 1751 1163 1788 29

583 2002 806 2055 EPISTOLA
839 2003 934 2056 XIII.

579 2159 622 2200 ao
641 2159 758 2202 vnuun
776 2159 943 2202 asseritur.

373 2293 422 2346 UT
434 2292 658 2361 proficiscentem
670 2293 753 2348 docui
766 2303 793 2348 te
807 2311 891 2363 saepe
904 2294 1014 2365 diuque,

370 2378 498 2446 Augusto
510 2376 611 2431 reddes
625 2376 735 2446 signata
747 2377 898 2445 volumina,
911 2377 984 2430 Vini.

372 2460 401 2514 Si
414 2459 531 2527 validus,
546 2459 569 2513 si
582 2461 671 2514 laetus
684 2460 744 2528 erit,
757 2460 781 2513 si
794 2459 913 2531 denique
926 2469 1041 2531 poscet;

372 2543 522 2597 Nestudio
535 2543 623 2597 nostri
635 2559 743 2613 pecces
756 2542 906 2613 odiumque
919 2541 1019 2597 libellis

372 2627 490 2681 Sedulus
504 2626 645 2696 importeS,
659 2642 744 2696 opera
756 2626 920 2680 vehemente
933 2625 1067 2680 minister.

372 2710 401 2763 Si
415 2720 442 2764 te
455 2709 525 2763 forte
537 2726 617 2763 meae
630 2708 722 2777 gravis
735 2718 796 2763 uret
809 2709 920 2762 sarcina
931 2709 1054 2776 chartae,

370 2793 494 2862 AbjIcito
507 2791 608 2861 potius,
621 2808 706 2862 quam
718 2808 773 2861 quo
786 2791 906 2862 perferre
915 2791 1022 2861 juberis

372 2876 496 2929 Clitellas
509 2875 583 2929 ferus
599 2875 747 2944 impingas,
759 2875 919 2946 Asinaeque
934 2884 1082 2946 paternum

372 2960 536 3028 Cognomen
548 2966 641 3012 vertas
654 2957 787 3025 inrisum,
800 2968 829 3011 et
841 2958 936 3012 fabula
948 2958 1007 3013 fias.

370 3041 484 3095 Viribus
497 3041 581 3094 uteris
594 3057 644 3111 per
656 3041 751 3108 clivos
764 3040 887 3109 flumina,
900 3042 990 3095 lamas
1004 3061 1009 3094 :

370 3126 468 3179 Victor
479 3124 616 3194 propositi
628 3124 711 3178 simul
722 3141 755 3178 ac
768 3125 926 3194 perveneris
939 3125 1012 3192 illuc,

373 3208 419 3261 Sic
429 3207 552 3276 positum
565 3207 689 3260 servabis
702 3223 781 3274 onus
794 3223 830 3260 ne
842 3206 913 3261 forte
926 3207 978 3261 sub
991 3207 1036 3260 ala

373 3289 550 3343 Fasciculum
562 3298 655 3358 portes
668 3289 810 3356 librorum,
824 3297 854 3343 ut
866 3289 986 3343 rusticus
999 3306 1103 3358 agnum
1116 3307 1124 3352 ;

372 3374 414 3428 Ut
425 3372 524 3425 vinosa
536 3372 646 3440 glomus
659 3372 776 3426 furtivae
790 3371 907 3441 Pyrrhia
919 3373 1019 3436 lanae;

373 3457 415 3510 Ut
428 3471 493 3508 cum
505 3453 607 3523 pileolo
620 3455 710 3510 soleas
726 3455 844 3509 conviva
861 3455 977 3510 tribulis.
