2748 4138
414 440 507 482 maan
530 440 548 481 1.
594 439 742 483 nnrsrorn
764 440 826 482 xiv.
984 441 1041 500 253

215 569 260 622 Ne
271 569 354 638 volgo
367 585 463 622 narres
477 577 504 622 te
517 568 662 622 sudavisse
674 568 788 622 ferendo

214 651 354 718 Carmina,
367 667 439 721 quae
451 650 560 720 possint
573 651 668 705 oculos
682 667 817 722 auresque
829 651 932 705 morari

214 735 359 788 Caesaris:
380 743 474 788 oratus
487 735 576 788 multa
587 751 678 804 prece,
691 734 780 788 nitere
792 752 883 807 porro.

213 818 301 886 Vade,
313 819 384 885 vale,
397 834 465 871 cave
478 835 514 871 ne
526 819 639 885 titubes,
652 819 843 888 mandataque
855 818 975 888 frangas.
1024 853 1046 890 19

450 1106 676 1160 EPISTOLA
705 1107 790 1160 XIV.

455 1262 498 1304 no
517 1263 672 1306 vrnnrcun
691 1263 786 1306 suun.

215 1397 345 1452 V1LLICE
358 1398 491 1452 silvarum
500 1408 528 1453 et
541 1399 610 1452 mihi
623 1416 668 1453 me
681 1399 823 1453 reddentis
836 1400 927 1468 agelli,

217 1483 307 1550 Quem
320 1490 350 1535 tu
363 1481 482 1549 fastidis,
495 1483 653 1536 habitatum
666 1483 789 1553 quinque
801 1483 880 1551 sociS,
893 1492 921 1537 et

216 1564 345 1635 Quinque
356 1565 447 1619 bonus
461 1565 574 1619 solitum
588 1567 703 1619 Variam
716 1566 855 1620 dimittere
868 1576 962 1637 patres
974 1587 980 1630 3

215 1649 358 1702 Certemus
374 1649 470 1717 spinas
483 1649 615 1703 animone
628 1666 679 1718 ego
693 1649 799 1717 fortius,
812 1667 849 1702 an
862 1660 892 1704 tu

214 1731 325 1784 Evellas
338 1749 406 1800 agro
419 1751 426 1797 ;
445 1742 473 1786 et
485 1733 584 1786 melior
596 1733 633 1786 sit
647 1733 792 1800 Horatius,
806 1750 907 1788 aures

215 1815 263 1866 Me
276 1814 403 1884 quamvis
418 1815 533 1869 Lamiae
545 1816 635 1885 pietas
648 1825 675 1870 et
688 1833 755 1869 cura
767 1825 900 1883 moratur,

215 1898 342 1951 Fratrem
354 1899 514 1966 maerentis,
528 1909 609 1969 rapto
622 1900 658 1953 de
671 1899 756 1952 fratre
769 1900 888 1953 dolentis

216 1980 422 2046 lnsolabiliter3
442 1991 537 2036 tamen
549 1982 621 2036 istuc
634 1999 714 2036 mens
727 1983 893 2053 animusque

215 2063 288 2129 Fert,
302 2072 329 2116 et
342 2073 419 2116 amat
431 2064 529 2132 spatiis
545 2065 686 2118 obstantia
698 2083 827 2134 rumpere
839 2067 970 2120 claustra.

215 2146 291 2199 Rure
303 2162 355 2214 ego
367 2146 516 2213 viventem,
530 2157 560 2200 tu
572 2147 643 2201 dicis
657 2148 686 2200 in
698 2149 766 2202 urbe
779 2149 910 2202 beatum:

217 2227 267 2281 Cui
280 2228 372 2296 placet
384 2229 505 2295 alterius,
520 2247 571 2282 sua
584 2230 717 2283 nimirum
731 2240 774 2284 est
786 2231 851 2285 odio
864 2248 934 2285 sors.

216 2311 322 2364 Stultus
336 2320 450 2381 uterque
463 2304 557 2365 locum
570 2313 740 2366 immeritum
753 2323 882 2367 causatur
895 2314 988 2385 inique
1001 2335 1007 2377 ;

216 2395 249 2446 In
262 2395 345 2462 culpa
357 2404 398 2448 est
412 2395 530 2461 animuS,
543 2395 590 2465 qui
604 2412 634 2448 se
646 2412 704 2449 non
717 2395 813 2464 effugit
826 2413 957 2466 unquam.

215 2479 259 2530 Tu
272 2478 454 2532 mediastinus
468 2478 555 2532 tacita
566 2495 649 2547 prece
661 2495 726 2532 rura
738 2478 863 2547 petebas,

217 2563 300 2614 Nunc
313 2561 411 2615 urbem
424 2571 451 2614 et
464 2561 545 2615 ludos
558 2570 586 2615 et
598 2562 700 2615 balnea
712 2561 821 2615 villicus
835 2570 923 2630 optas.
961 2599 964 2605 -

216 2645 265 2697 Me
277 2652 405 2698 constare
417 2644 487 2697 mihi
500 2645 563 2712 sciS,
577 2654 605 2698 et
617 2644 760 2698 discedere
773 2644 890 2711 tristem,

217 2727 446 2798 Quandocunque
458 2728 572 2782 trahunt
585 2728 675 2781 invisa
687 2727 800 2796 negotia
813 2729 942 2781 Romam.

216 2812 283 2863 Non
296 2810 394 2863 eadem
406 2811 540 2865 miramur
551 2831 558 2875 ;
577 2828 611 2864 eo
623 2809 797 2864 disconvenit
811 2811 882 2864 inter

216 2895 319 2964 Meque
331 2903 359 2946 et
371 2902 414 2947 te:
435 2911 511 2962 narn,
524 2911 595 2965 quae
607 2893 718 2948 deserta
730 2903 757 2946 et
770 2893 911 2962 inhospita
923 2902 1021 2965 tesqua

216 2977 321 3044 Credis,
335 2994 454 3031 amoena
465 2987 547 3032 vocat
559 2995 670 3032 mecum
683 2978 729 3048 qui
742 2977 835 3045 sentit,
848 2987 875 3032 et
888 2978 947 3032 odit

217 3063 295 3130 Quae
308 3069 337 3114 tu
350 3061 466 3129 pulchra
478 3070 568 3129 putas.
607 3061 711 3114 Fornix
723 3059 774 3114 tibi
786 3069 814 3114 et
827 3070 912 3115 uncta
923 3062 1027 3136 popina

216 3143 359 3198 Incutiunt
371 3144 447 3198 urbis
460 3144 636 3210 desiderium,
649 3143 731 3197 video
745 3163 751 3207 ;
771 3152 799 3197 et
811 3144 886 3214 quod

214 3228 341 3296 Angulus
354 3226 407 3280 iste
419 3227 487 3280 feret
500 3226 579 3296 piper
591 3235 619 3280 et
631 3228 695 3280 thus
709 3227 786 3280 ocius
800 3244 854 3280 uva
865 3246 872 3292 3

217 3313 277 3364 Nec
290 3309 383 3364 vicina
396 3310 492 3364 subest
504 3311 600 3364 vinum
612 3310 748 3380 praebere
760 3311 877 3364 taberna

217 3397 296 3464 Quae
308 3395 397 3465 possit
410 3395 477 3449 tibi:
498 3411 550 3449 nec
562 3395 692 3449 meretrix
705 3395 829 3463 tibicina,
842 3396 921 3466 cujus

215 3479 260 3532 Ad
273 3478 420 3548 strepitum
433 3478 517 3532 salias
530 3487 620 3534 terrae
632 3478 743 3548 gravis:
764 3488 791 3534 et
804 3488 899 3535 tamen
912 3497 992 3549 urges
1024 3493 1048 3530 2⁶
