2792 4168
431 425 524 468 LIBER
547 425 591 466 111.
638 425 769 468 CARMEN
793 424 866 468 XXV.
1016 425 1071 484 107

329 554 452 608 Vincunt
465 570 587 623 aequora
598 553 710 607 navitae
720 572 728 618 ;

366 640 504 707 Magnum
515 637 662 707 pauperies
675 636 855 706 opprobrium
864 636 944 706 jubet

331 720 449 791 Quidvis
462 730 489 774 et
502 721 592 774 iacere
605 729 632 774 et
644 719 712 789 pati,

364 803 536 873 Virtutisque
548 802 623 855 viam
636 802 739 856 deserit
751 801 863 856 arduae·

328 925 380 979 Vel
393 942 444 980 nos
458 924 486 978 in
501 923 679 993 Capitolium,

366 1009 430 1078 Qua
441 1008 548 1062 clamor
560 1015 642 1061 vocat
655 1016 683 1060 et
695 1007 778 1060 turba
790 1006 952 1074 faventium,

328 1092 380 1145 Vel
393 1108 444 1145 nos
458 1091 486 1159 in
499 1107 576 1144 mare
588 1089 747 1159 proximum

365 1176 499 1229 Gemmas
513 1182 540 1227 et
552 1172 660 1243 lapides
673 1189 772 1227 aurum
785 1182 812 1228 et
824 1172 930 1240 inutile,

329 1295 437 1348 Summi
450 1294 596 1349 materiem
608 1294 683 1362 mali,

364 1379 520 1445 Mittamus‚
533 1378 668 1431 scelerum
681 1377 704 1431 si
716 1378 788 1432 bene
800 1377 931 1447 poenitet.

328 1461 479 1514 Eradenda
490 1460 629 1530 cupidinis

364 1544 445 1597 Pravi
459 1553 524 1598 sunt
536 1543 682 1612 elementa,
695 1553 723 1598 et
735 1552 847 1598 tenerae
859 1542 943 1596 nimis

329 1667 439 1719 Mentes
452 1664 640 1734 asperioribus

364 1748 387 1800 F
389 1747 541 1802 ormandae
554 1747 661 1802 studiis.
700 1747 799 1802 Nescit
811 1764 883 1818 equo
896 1746 972 1801 rudis

329 1831 453 1884 Haerere
466 1830 602 1899 ingenuus
614 1847 690 1900 puer,

362 1914 520 1984 Venarique
533 1914 631 1970 timet:
652 1915 747 1969 ludere
758 1913 868 1969 doctior

328 2039 383 2091 Seu
397 2038 505 2092 Graeco
514 2037 614 2106 jubeas
628 2039 734 2106 troch0,

362 2120 417 2174 Seu
429 2119 510 2172 malis
523 2119 609 2173 vetita
621 2120 729 2189 legibus
742 2122 819 2174 alea:

327 2203 398 2257 Cum
410 2201 521 2270 perjura
533 2202 620 2270 patris
633 2201 703 2256 fides

268 2306 270 2310 ⁷
362 2285 528 2339 Consortem
541 2285 647 2339 socium
660 2285 737 2338 fallat
750 2294 778 2339 et
789 2285 938 2355 hospitem,

327 2406 502 2476 Indignoque
513 2406 661 2476 pecuniam

362 2488 468 2542 Heredi
480 2498 616 2559 properet.
657 2487 770 2542 Scilicet
782 2488 926 2557 improbae

328 2572 465 2626 Crescunt
477 2571 591 2625 divitiae
602 2591 609 2636 ;
627 2580 723 2626 tamen

364 2657 465 2710 Curtae
477 2654 573 2709 nescio
585 2653 652 2724 quid
665 2668 775 2722 semper
787 2653 867 2707 abest
878 2657 926 2706 re'r'·

491 2964 680 3018 CARMEN
709 2962 804 3018 XXV.

527 3109 570 3152 nn
589 3109 750 3153 nnccuun.

292 3234 360 3302 QUO
374 3248 427 3300 me,
441 3232 562 3300 Bacche,
574 3231 649 3301 rapis
662 3232 703 3286 tui

325 3317 442 3371 Plenum
454 3319 460 3370 i
479 3333 551 3387 quae
564 3331 679 3370 nemora
690 3325 739 3370 aut
751 3332 821 3387 quos
833 3331 901 3386 agor
913 3316 942 3370 in
955 3332 1063 3386 specus,

288 3399 377 3453 Velox
389 3408 482 3453 mente
495 3400 584 3453 nova!
604 3398 705 3469 quibus

322 3482 418 3536 Antris
432 3482 534 3552 egregii
549 3481 676 3537 Caesaris
689 3481 787 3536 audiar
