2804 4176
366 429 424 503 196
616 441 747 484 noman
770 439 951 482 summunt

362 570 502 640 Turgidus
514 569 633 639 Ainnus
642 569 752 639 jugulat
763 569 831 623 dum
844 570 1006 633 Memnona,
1018 566 1141 635 dumque

364 653 487 722 Defingit
501 652 592 706 Rheni
604 651 709 706 luteum
721 661 823 720 eaput;
840 651 910 704 haec
920 666 973 718 ego
985 648 1059 716 ludo,

365 738 444 807 Quae
456 752 546 805 neque
559 735 587 788 in
600 735 669 789 aede
681 743 781 789 sonent
793 733 929 788 certantia
937 732 1032 801 judice
1044 732 1146 799 Tarpa,

365 823 426 874 Nec
438 819 553 873 redeant
565 818 665 872 iterum
678 827 761 889 atque
772 817 872 872 iterum
885 815 1038 885 spectanda
1049 812 1172 868 theatris.

363 905 471 972 Arguta
482 902 625 956 meretrice
637 910 716 970 potes
730 902 866 968 Davoque
879 899 1028 952 Chremeta

365 986 502 1040 Eludente
514 1001 610 1040 senem
622 984 710 1039 comis
723 984 826 1054 garrire
838 982 946 1036 libellos

365 1071 447 1124 Unus
459 1068 592 1130 vivorum,
608 1067 738 1122 Fundani
748 1086 756 1132 ;
775 1067 864 1120 Pollio
875 1065 972 1135 regum

365 1153 453 1207 Facta
465 1151 548 1218 canit,
560 1150 631 1221 pede
643 1161 685 1205 ter
696 1167 828 1219 percusso
840 1169 847 1214 ς
866 1149 936 1203 sorte
948 1163 1015 1217 epos
1027 1161 1098 1212 acer,

366 1236 407 1289 Ut
419 1251 509 1303 nemo,
521 1234 622 1288 Varius
635 1233 729 1298 ducit;
747 1234 831 1286 molle
844 1241 928 1302 atque
939 1230 1060 1284 facetum

364 1319 480 1388 Virgilio
494 1327 650 1371 annuerunt
662 1316 817 1385 gaudentes
829 1331 892 1371 rure
905 1316 1054 1368 Camenae.

366 1403 430 1455 Hoc
444 1409 510 1468 erat,
523 1408 636 1470 experto
649 1399 750 1453 frustra
762 1400 887 1453 Varrone
895 1397 1016 1450 Atacino

364 1485 457 1555 Atque
469 1483 636 1554 quibusdam
649 1482 720 1550 aliis,
732 1482 831 1536 melius
844 1481 919 1552 quod
931 1479 1053 1534 scribere
1064 1493 1184 1549 possem,

367 1569 514 1621 Inventore
525 1567 633 1620 minor:
653 1581 744 1634 neque
756 1583 808 1634 ego
820 1565 860 1618 illi
872 1563 1017 1629 detrahere
1029 1562 1119 1618 ausim

367 1653 538 1704 Haerentem
550 1649 635 1718 capiti
647 1665 712 1702 cum
723 1649 811 1703 multa
823 1648 905 1702 laude
916 1663 1056 1701 coronam.

365 1735 403 1787 At
415 1733 472 1786 dixi
484 1732 569 1786 fluere
580 1731 655 1785 hunc
667 1732 843 1798 lutulentum,
855 1748 938 1800 saepe
950 1730 1084 1785 ferentem

366 1817 450 1869 Plura
462 1814 575 1884 quidem
587 1813 711 1868 tollenda
722 1814 920 1884 relinquendis.
955 1814 1025 1882 Age,
1038 1827 1150 1883 quaeso,

367 1900 410 1952 Tu
422 1897 492 1950 nihil
503 1897 533 1950 in
545 1913 648 1966 magno
660 1897 759 1951 doctus
772 1897 951 1966 reprehendis
965 1895 1108 1951 Homero?

369 1980 417 2033 Nil
429 1980 517 2034 comis
530 1979 627 2049 tragici
639 1989 730 2034 mutat
743 1980 864 2034 Lucilius
876 1979 965 2034 Acci?

369 2064 435 2117 Non
446 2062 518 2116 ridet
527 2079 622 2117 versus
636 2063 710 2116 Enni
723 2063 859 2132 gravitate
871 2063 1001 2130 minores,

369 2147 440 2200 Cum
453 2145 488 2199 de
500 2161 530 2199 se
542 2145 665 2215 loquitur
675 2162 732 2198 non
745 2155 776 2200 ut
788 2146 893 2216 majore
904 2144 1063 2215 reprensis?
1114 2189 1116 2192 .

369 2228 444 2296 Quid
456 2235 531 2282 vetat
544 2237 572 2282 et
584 2237 694 2283 nosmet
708 2229 796 2283 Lucili
808 2229 912 2298 scripta
923 2229 1047 2298 legentes

369 2312 515 2381 Quaerere,
524 2328 592 2364 num
605 2311 686 2379 illius,
698 2329 766 2366 num
778 2330 870 2367 rerum
882 2312 952 2366 dura
964 2311 1072 2380 negarit

366 2393 524 2448 Versiculos
536 2402 637 2449 natura
649 2396 739 2464 magis
752 2395 840 2450 factos
854 2404 881 2449 et
893 2404 990 2450 euntes

369 2478 491 2544 Mollius,
504 2494 537 2530 ac
550 2478 574 2531 si
587 2478 658 2548 quie,
672 2479 791 2549 pedibus
804 2478 871 2548 quid
883 2479 1011 2533 claudere
1023 2477 1106 2543 senis,

369 2562 432 2615 Hoc
445 2569 554 2615 tanturn
567 2571 722 2631 contentus,
735 2572 810 2616 amet
823 2561 968 2632 scripsisse
979 2561 1114 2617 ducentos

367 2645 440 2696 Ante
453 2644 546 2698 cibum
558 2661 662 2712 versuS,
675 2645 792 2699 totidem
804 2653 954 2698 coenatus:
976 2643 1087 2698 Etrusci
1105 2675 1107 2706 r

369 2725 458 2794 Quale
468 2725 520 2778 suit
532 2726 612 2779 Cassi
624 2727 722 2797 rapido
734 2727 884 2781 ferventius
897 2726 973 2780 amni

369 2809 524 2877 Ingenium,
537 2810 630 2878 capsis
643 2828 726 2880 quem
739 2811 815 2864 fama
826 2819 869 2864 est
881 2827 943 2865 esse
954 2810 1088 2880 librisque

367 2891 536 2946 Ambustum
548 2893 675 2962 propriis.
713 2893 809 2948 Fuerit
823 2894 952 2956 Lucilius,
967 2893 1090 2964 inquam,

369 2974 464 3028 Comis
477 2983 505 3029 et
517 2976 639 3033 urbanus
651 2995 658 3041 ;
677 2975 757 3030 fuerit
768 2965 892 3030 limatior
903 2976 986 3044 idem,

369 3058 462 3126 Quam
473 3058 550 3112 rudis
563 3067 591 3113 et
604 3059 719 3114 Graecis
731 3059 830 3114 intacti
842 3060 973 3114 carminis
987 3069 1090 3125 auctor,

370 3141 516 3210 Quamque
527 3145 672 3211 poetarum
685 3142 825 3196 seniorum
838 3144 937 3208 turba;
956 3143 1006 3197 sed
1018 3143 1072 3210 ille,

370 3223 400 3278 Si
412 3223 483 3276 soret
494 3222 547 3276 hoc
560 3233 686 3278 nostrum
698 3225 755 3279 fato
767 3226 869 3280 dilatus
882 3226 910 3279 in
923 3243 1031 3293 aevum,

370 3307 515 3359 Detereret
527 3306 580 3360 sibi
592 3308 698 3373 multa;
716 3308 850 3364 recideret
860 3326 942 3364 omne
955 3309 1031 3379 quod
1043 3310 1115 3364 ultra

369 3387 526 3442 Perfectum
534 3389 710 3470 'traheretun
728 3401 756 3446 et
768 3392 797 3446 in
809 3409 891 3446 versu
903 3392 1032 3447 faciendo

370 3472 459 3540 Saepe
472 3478 555 3538 caput
567 3471 701 3539 scaberet,
714 3474 792 3528 vivos
804 3483 832 3528 et
843 3475 953 3530 roderet
965 3492 1079 3545 ungues.
1190 3509 1213 3545 71
