2748 4138
350 485 351 488 =
406 467 498 510 mum
521 467 553 509 11.
599 467 747 512 amsrorn
769 470 800 511 11.
974 469 1030 526 277

181 597 316 667 Adjecere
328 596 420 650 bonae
431 596 525 665 paullo
537 596 600 665 plus
613 597 680 650 artis
693 598 821 653 Athenae
833 618 840 664 ;

182 681 296 735 Scilicet
308 689 338 734 ut
350 681 450 734 vellem
464 696 548 733 curvo
561 680 724 748 dignoscere
737 691 853 749 rectum,

180 766 273 834 Atque
285 764 357 818 inter
369 764 453 818 silvas
465 763 601 817 Academi
614 781 747 833 quaerere
760 781 865 819 verum.

183 850 261 901 Dura
275 847 324 900 sed
338 863 466 901 emovere
478 848 540 901 loco
553 864 598 900 me
611 857 738 916 tempora
750 857 839 917 grato,

183 930 333 999 Civilisque
345 929 444 983 rudem
455 929 523 983 belli
536 929 598 983 tulit
611 940 704 983 aestus
717 931 745 983 in
759 947 845 998 arma,

184 1012 313 1066 Caesaris
326 1013 445 1082 Augusti
458 1030 515 1066 non
527 1030 695 1082 responsura
707 1015 826 1068 lacertis.

93 1163 96 1166 Α
183 1095 268 1148 Unde
281 1095 364 1149 simul
376 1094 498 1165 primum
510 1112 558 1148 me
571 1095 701 1150 dimisere
715 1096 845 1166 Philippi,

184 1178 294 1236 Decisis
307 1179 442 1232 humilem
453 1179 562 1248 pennis
575 1179 743 1249 inopemque
755 1179 864 1249 paterni

184 1263 221 1314 Et
234 1261 300 1314 laris
314 1270 341 1315 et
353 1261 440 1329 fundi,
453 1270 602 1331 paupertas
615 1262 724 1331 impulit
737 1262 828 1315 audax

183 1344 221 1398 Ut
234 1361 330 1398 versus
343 1344 479 1398 facerem:
501 1344 558 1412 sed,
572 1344 647 1413 quod
660 1361 717 1398 non
730 1344 810 1412 desit,
823 1345 974 1399 habentem

181 1428 260 1495 Quae
272 1436 402 1496 poterunt
416 1444 540 1499 unquam
553 1427 621 1480 satis
634 1444 786 1497 expurgare
799 1427 918 1495 cicutae,

181 1509 219 1560 Ni
232 1509 331 1563 melius
344 1509 465 1563 dormire
477 1518 573 1579 putem
586 1526 671 1579 quam
684 1510 804 1564 scribere
817 1511 933 1564 versus?

181 1591 297 1660 Singula
309 1592 345 1646 de
357 1593 439 1646 nobis
452 1593 520 1646 anni
533 1593 704 1662 praedantur
716 1602 813 1646 euntes
826 1612 832 1658 ;

180 1674 314 1744 Eripuere
323 1675 411 1744 jocos,
424 1692 563 1743 venerem,
576 1675 713 1743 convivia,
726 1677 824 1729 ludum
835 1696 843 1742 3

178 1758 310 1811 Tendunt
323 1768 486 1828 extorquere
498 1764 630 1828 poemata
641 1778 647 1823 3
666 1758 734 1828 quid
746 1758 849 1812 faciam
862 1759 926 1813 vis?

182 1840 310 1911 Denique
323 1857 380 1894 non
393 1858 490 1895 omnes
504 1842 603 1895 eadem
615 1841 751 1894 mirantur
763 1851 933 1912 amantque:

180 1923 309 1978 Carmine
322 1934 352 1977 tu
364 1925 471 1994 gaudes
482 1944 489 1990 3
508 1925 553 1979 hic
567 1924 720 1979 delectatur
731 1925 834 1978 'iambis
847 1945 854 1990 ;

180 2004 230 2058 Ille
243 2006 357 2060 Bioneis
370 2007 554 2074 sermonibus,
567 2016 594 2060 et
608 2008 666 2060 sale
679 2007 766 2076 nigro.

179 2089 249 2141 Tres
261 2089 331 2142 mihi
344 2090 478 2143 convivae
490 2106 577 2159 prope
590 2089 737 2144 dissentire
749 2091 887 2159 videntur,

181 2175 330 2227 Poscentes
342 2173 420 2226 vario
433 2174 553 2226 multum
565 2172 676 2226 diversa
688 2173 793 2242 palato.

181 2255 256 2326 Quid
266 2255 349 2308 dem?
368 2255 436 2324 quid
445 2271 502 2308 non
512 2254 599 2307 dem?
617 2255 709 2308 renuis
719 2264 757 2322 tu,
766 2255 842 2324 quod
851 2255 931 2324 jubet
943 2256 1013 2310 alter
1024 2278 1030 2319 ;

181 2339 264 2409 Quod
276 2338 356 2407 petis,
370 2337 398 2390 id
412 2354 479 2390 sane
492 2346 534 2390 est
546 2336 668 2390 invisum
680 2337 847 2408 acidumque
860 2338 977 2393 duobus.

181 2423 293 2474 Praeter
305 2430 406 2487 cetera,
418 2436 464 2473 me
478 2421 622 2472 Romaene
634 2425 766 2488 po'e'mata
779 2437 876 2474 censes

181 2504 308 2558 Scribere
319 2520 411 2573 posse,
425 2503 498 2556 inter
510 2511 551 2556 tot
564 2519 645 2556 curas
658 2511 755 2572 totque
767 2504 899 2558 labores?

182 2586 238 2640 Hic
252 2603 386 2655 sponsum
399 2594 489 2652 vocat,
502 2584 548 2638 hic
561 2584 689 2638 auditum
702 2585 812 2654 scripta,
828 2586 930 2640 relictis

181 2669 320 2723 Omnibus
333 2668 448 2722 officiis:
469 2669 553 2722 cubat
565 2667 611 2722 hic
624 2668 653 2721 in
666 2669 737 2722 colle
750 2668 868 2737 Quirini,

181 2753 237 2806 Hic
250 2761 373 2806 extremo
386 2751 415 2803 in
427 2750 567 2804 Aventino
578 2769 585 2816 ;
604 2750 736 2818 visendus
749 2760 864 2821 uterque
876 2771 882 2817 ;

181 2835 331 2889 Intervalla
342 2833 421 2887 vides
433 2833 556 2887 humane
570 2833 726 2887 commoda.
763 2836 868 2888 Verum

181 2921 270 2972 Purae
283 2926 347 2971 sunt
360 2917 477 2987 plateae,
490 2916 561 2969 nihil
572 2925 602 2970 ut
615 2916 815 2971 meditantibus
829 2918 927 2972 obstet.

181 2993 308 3055 Festinat
320 3000 426 3054 calidus
438 3000 521 3053 mulis
533 2999 690 3069 gerulisque
702 3000 862 3068 redemptor
873 3021 879 3065 ;

181 3086 304 3154 Torquet
317 3099 391 3136 nunc
403 3082 534 3151 lapidem,
547 3099 621 3135 nunc
634 3082 732 3151 ingens
744 3082 877 3135 machina
888 3083 997 3152 tignum
1009 3103 1015 3148 ;

179 3166 285 3220 Tristia
296 3165 417 3219 robustis
430 3165 572 3219 luctantur
584 3163 681 3218 funera
692 3164 823 3233 plaustris
837 3184 844 3229 ;

181 3251 245 3303 Hac
258 3249 371 3302 rabiosa
382 3247 452 3316 fugit
465 3247 551 3315 caniS,
563 3247 617 3300 hac
629 3248 766 3301 lutulenta
777 3247 832 3301 ruit
845 3264 891 3302 sus
903 3267 908 3301 :

181 3332 193 3383 l
207 3348 290 3398 nunc,
304 3340 332 3384 et
342 3347 440 3385 versus
453 3339 545 3384 tecum
558 3329 694 3383 meditare
706 3346 831 3384 canoros.

181 3414 353 3484 Scriptorum
366 3413 466 3468 chorus
479 3413 570 3467 omnis
583 3421 659 3466 amat
671 3429 778 3481 nemus,
791 3423 818 3467 et
830 3413 900 3483 sugit
912 3417 1018 3482 urbem,

181 3497 246 3552 Rite
258 3497 344 3552 cliens
358 3495 464 3552 Bacchi
476 3513 575 3550 somno
587 3495 735 3565 gaudentis
748 3506 775 3550 et
789 3497 904 3552 umbra:
963 3543 974 3572 ,Ι
1003 3521 1027 3569 73
