2748 4138
513 410 570 453 nus
593 410 732 454 POETICA.
984 397 1040 468 287

198 539 254 592 Aut
267 536 372 591 samam
384 554 507 608 sequere,
519 548 567 593 aut
580 539 634 593 sibi
647 540 841 594 convenientia
852 540 933 611 finge.

198 621 323 690 Scriptor
335 621 503 675 honoratum
516 622 539 675 si
552 622 623 676 forte
635 624 747 691 reponis
761 624 898 679 Achillem
911 644 917 678 z

199 704 329 773 Impiger,
343 704 500 772 iracundus,
512 704 698 771 inexorabilis,
711 722 782 773 acer,

196 786 263 854 Jura
275 795 357 855 neget
370 786 423 839 sibi
436 795 511 854 nata,
524 786 594 840 nihil
606 804 663 840 non
676 796 785 856 arroget
798 789 890 843 armis.

198 868 241 922 sit
256 869 358 922 Medea
370 869 446 923 ferox
459 869 625 939 invictaque,
638 870 737 923 flebilis
751 871 812 938 Ino,

199 951 324 1005 Perfidus
339 951 427 1019 lxion,
442 953 473 1006 Io
486 969 566 1021 vaga,
579 952 666 1007 tristis
680 955 801 1008 Orestes.

199 1033 230 1087 Si
243 1034 310 1103 quid
323 1034 495 1103 inexpertum
508 1052 608 1089 scenae
621 1036 782 1104 committis,
794 1045 821 1090 et
834 1037 920 1092 audes

199 1118 350 1170 Personam
363 1117 481 1171 formare
496 1135 607 1185 novam,
621 1128 744 1172 servetur
756 1119 792 1172 ad
806 1119 893 1174 imum

200 1201 297 1268 Qualis
310 1201 346 1254 ab
359 1201 470 1270 incepto
483 1201 658 1270 processerit,
671 1211 698 1256 et
712 1202 764 1256 sibi
777 1213 893 1258 constet.

199 1283 319 1336 Difficile
332 1293 374 1337 est
386 1284 496 1353 proprie
509 1285 669 1338 communia
680 1284 788 1340 dicere:
809 1295 894 1356 tuque

200 1365 314 1419 Rectius
329 1366 445 1419 iliacum
458 1383 571 1420 carmen
584 1367 699 1420 deducis
713 1368 741 1420 in
755 1377 843 1436 actus,

202 1449 294 1517 Quam
307 1449 330 1502 si
343 1449 478 1517 proferres
492 1450 588 1518 ignota
601 1449 762 1519 indictaque
774 1451 888 1521 primus.

200 1530 317 1584 Publica
328 1531 457 1585 materies
470 1532 571 1601 privati
581 1532 651 1600 juris
664 1533 724 1600 erit,
738 1533 761 1586 si

200 1614 267 1667 Non
280 1614 353 1667 circa
365 1614 449 1668 vilem
461 1615 642 1684 patulumque
655 1616 808 1670 moraberis
822 1618 917 1672 orbem
930 1638 937 1683 ;

201 1697 262 1750 Nec
275 1697 360 1750 verbo
372 1698 488 1751 verbum
501 1698 611 1751 curabis
623 1699 739 1752 reddere
751 1698 824 1753 lidus

201 1779 358 1848 Interpres;
376 1797 428 1834 nec
442 1781 553 1835 desilies
565 1781 690 1836 imitator
702 1783 731 1835 in
744 1792 843 1850 artum,

201 1861 285 1916 Unde
298 1863 399 1931 pedem
411 1863 532 1932 prolerre
544 1865 634 1934 pudor
646 1875 729 1933 vetet,
742 1875 790 1919 aut
803 1867 893 1935 operis
906 1868 957 1922 lex.

201 1946 261 1998 Nec
275 1945 314 1998 sic
328 1945 452 2014 incipieS,
466 1957 495 2000 ut
508 1948 626 2017 scriptor
638 1949 759 2016 cyclicus
772 1949 856 2003 olim:

201 2028 381 2080 “Fortunam
394 2029 498 2082 Priami
511 2033 632 2085 cantabo
645 2041 672 2084 et
684 2032 777 2085 nobile
789 2033 917 2088 bellum.''

201 2109 276 2178 Quid
289 2110 404 2178 dignum
417 2118 495 2165 tanto
507 2112 575 2166 feret
588 2114 633 2168 hic
646 2115 799 2182 promissor
810 2115 907 2170 hiatu?

202 2192 361 2246 Parturiunt
373 2203 491 2261 montes,
504 2206 634 2250 nascetur
645 2197 777 2250 ridiculus
789 2214 860 2251 mus.

203 2276 314 2344 Quanto
327 2273 428 2329 rectius
440 2276 495 2344 hic,
508 2278 556 2346 qui
568 2278 607 2330 nil
620 2278 732 2332 molitur
745 2279 854 2347 inepte:

201 2358 217 2386 “
227 2357 281 2410 Dic
294 2357 371 2425 mihi,
386 2359 477 2426 Musa,
490 2359 588 2427 virum,
601 2370 700 2430 captae
712 2370 776 2429 post
789 2371 916 2430 tempora
927 2363 1038 2433 Trojae,

203 2439 257 2509 Qui
270 2456 361 2494 mores
374 2440 520 2496 hominum
533 2443 684 2497 multorum
696 2442 774 2510 vidit,
787 2453 815 2496 et
827 2445 935 2498 urbes-'²

204 2525 270 2575 Non
282 2523 389 2577 fumum
401 2540 435 2578 ex
445 2524 559 2593 fulgore,
572 2525 622 2579 sed
635 2542 668 2579 ex
680 2526 757 2579 furno
770 2525 836 2580 dare
849 2527 940 2581 lucem

202 2605 321 2675 Cogitat,
334 2615 365 2660 ut
378 2607 505 2677 speciosa
517 2607 619 2661 dehinc
632 2609 768 2663 miracula
779 2618 899 2679 promat,

200 2687 382 2759 Antiphaten,
396 2691 581 2760 Scyllamque,
595 2701 699 2745 etcum
713 2692 834 2762 Cyclope
848 2693 1026 2763 Charybdin:

204 2774 265 2826 Nec
277 2772 397 2827 reditum
411 2773 556 2828 Diomedis
569 2775 605 2828 ab
619 2775 731 2829 interitu
745 2776 888 2844 Meleagri,

204 2856 265 2908 Nec
277 2855 390 2923 gemino
402 2857 506 2910 bellum
519 2858 672 2927 Trojanum
685 2858 791 2912 orditur
802 2859 839 2912 ab
852 2876 912 2912 ovo.

204 2940 319 3008 Semper
331 2938 368 2992 ad
380 2949 510 2993 eventum
523 2940 635 2994 festinat
646 2960 653 3006 ;
672 2950 699 2994 et
712 2942 741 2994 in
753 2941 861 2996 medias
874 2959 926 3010 res,
951 2989 955 2997 .
971 2989 974 2994 Δ

203 3023 230 3075 N
233 3039 270 3075 on
283 3038 362 3076 secus
375 3039 408 3076 ac
420 3032 511 3090 notas,
524 3023 679 3076 auditorem
691 3023 764 3092 rapit
774 3042 786 3089 ;·
801 3033 829 3077 et
841 3042 913 3094 quae

204 3107 342 3175 Desperat
355 3113 474 3159 tractata
486 3105 622 3160 nitescere
634 3123 725 3176 posse,
738 3106 868 3176 relinquit
879 3127 886 3172 ;

202 3189 294 3257 Atque
307 3187 346 3242 ita
357 3188 497 3256 mentitur,
511 3189 550 3242 sic
562 3189 634 3242 veris
647 3189 718 3242 falsa
729 3189 867 3258 remiscet,

204 3271 297 3325 Primo
310 3288 345 3326 ne
357 3271 489 3339 medium,
501 3271 595 3326 medio
605 3288 640 3326 ne
653 3271 791 3341 discrepet
804 3273 900 3326 imum.

204 3355 256 3422 Tu,
270 3355 337 3425 quid
349 3372 409 3426 ego,
422 3365 449 3409 et
462 3356 581 3426 populus
593 3372 703 3410 mecum
716 3355 864 3424 desideret,
876 3358 959 3414 audi:

205 3437 235 3491 Si
247 3438 383 3507 plausoris
396 3455 461 3509 eges
474 3439 573 3492 aulaea
584 3439 733 3507 manentis,
746 3447 774 3492 et
786 3456 874 3510 usque
1015 3478 1050 3513 15,
