2792 4168
330 457 387 512 118

585 471 716 514 HORATII
742 472 914 515 CARMINUM

466 603 671 671 Tempestivius
684 603 714 656 in
726 603 842 657 domum

502 685 599 753 Paulli,
612 685 756 755 purpureis
770 687 827 740 ales
840 686 972 754 oloribuS,

467 769 662 823 Comissabere
676 769 803 837 Maximi,

502 852 532 906 Si
545 862 648 906 torrere
658 853 737 922 jecur
749 853 859 924 quaeris
871 853 1020 908 idoneum:

469 988 599 1056 Namque
612 996 640 1040 et
653 987 755 1041 nobilis
768 997 795 1041 et
808 987 910 1042 decens

504 1071 541 1123 Et
553 1086 604 1138 pro
617 1070 742 1124 sollicitis
755 1087 812 1123 non
825 1071 926 1124 tacitus
938 1069 1001 1136 reis,

468 1153 505 1206 Et
518 1162 631 1206 centum
643 1169 713 1221 puer
724 1153 827 1206 artium

504 1237 571 1290 Late
584 1235 666 1304 signa
677 1235 746 1290 feret
758 1235 873 1290 militiae
886 1245 957 1290 tuae.

470 1369 515 1435 Et,
529 1368 697 1438 quandoque
709 1368 851 1436 potentior

504 1451 602 1520 Largis
615 1451 776 1504 muneribus
789 1451 880 1505 riserit
892 1450 1003 1516 aemuli,

469 1534 594 1588 Albanos
607 1549 694 1602 prope
706 1542 733 1587 te
746 1534 823 1587 lacus

507 1619 595 1670 Ponet
607 1631 794 1668 marmoream
806 1616 859 1669 sub
871 1615 948 1670 trabe
961 1614 1055 1669 citrea.

472 1745 532 1799 Illic
545 1744 666 1814 plurima
678 1744 792 1798 naribus

505 1830 600 1884 Duces
614 1828 704 1894 thura,
716 1828 847 1897 lyraeque
859 1837 887 1881 et
900 1826 1081 1895 Berecyntiae

471 1910 655 1965 Delectabere
669 1909 754 1964 tibiae

506 1993 604 2047 Mixtis
617 1991 787 2046 carminibus
800 2009 858 2045 non
871 1991 931 2046 sine
943 1990 1052 2046 fistula:

473 2126 533 2179 lllic
545 2125 590 2178 bis
603 2125 681 2194 pueri
694 2124 740 2178 die

508 2211 621 2262 Numen
634 2225 698 2262 cum
711 2205 813 2262 teneris
825 2207 979 2278 virginibus
991 2217 1070 2262 tuum

473 2291 642 2359 Laudantes‚
653 2292 725 2361 pede
738 2290 859 2346 candido

511 2377 545 2428 In
558 2391 668 2428 morem
681 2375 788 2428 Salium
802 2385 843 2429 ter
856 2374 982 2445 quatient
994 2374 1118 2427 humum.

474 2514 523 2566 Me
535 2528 587 2564 nec
600 2510 711 2578 femina,
725 2527 776 2564 nec
788 2527 857 2580 puer

507 2597 579 2664 Jam,
592 2610 643 2647 nec
657 2609 721 2663 spes
734 2593 822 2646 animi
834 2591 947 2647 credula
959 2591 1056 2658 mutui,

476 2679 536 2732 Nec
550 2686 656 2731 certare
665 2677 745 2745 juvat
757 2693 843 2743 mero,

510 2762 537 2812 N
541 2776 572 2812 ec
585 2758 689 2812 vincire
702 2757 782 2811 novis
795 2766 922 2826 tempora
933 2755 1055 2809 floribus.

475 2880 532 2937 Sed
544 2897 602 2947 cur,
614 2879 677 2946 heu,
692 2879 831 2948 Ligurine,
845 2896 894 2933 cur

508 2966 609 3018 Manat
620 2979 684 3016 rara
696 2979 773 3016 meas
786 2963 903 3016 lacrima
915 2977 965 3031 per
977 2960 1083 3030 genas?

475 3050 531 3103 Cur
542 3046 664 3100 facunda
676 3061 776 3114 parum
788 3045 890 3099 decoro

509 3131 586 3183 Inter
597 3128 684 3182 verba
697 3127 773 3181 cadit
785 3127 881 3197 lingua
893 3126 1025 3182 silentio?

476 3248 629 3304 Nocturnis
642 3265 695 3317 ego
708 3246 825 3302 somniis

509 3334 572 3400 Jam
585 3341 699 3400 captum
711 3340 793 3384 teneo
804 3350 812 3396 ;
827 3330 888 3400 jam
899 3329 1041 3383 volucrem
1054 3344 1155 3398 sequor
1166 3335 1173 3386 ⁴.

475 3415 516 3468 Te
528 3431 578 3484 per
590 3414 718 3483 gramina
731 3413 827 3467 Martii

512 3495 620 3565 Campi,
633 3504 660 3549 te
672 3512 722 3564 per
735 3511 830 3565 aquas,
843 3494 919 3562 dure,
933 3493 1077 3549 volubiles.
