2792 4168
407 403 500 447 uranu
522 403 567 446 111.
612 402 742 446 cunum<
764 401 817 445 vrr.
996 385 1034 458 87

464 666 648 720 CARMEN
681 667 754 718 Vll.

501 809 544 850 AD
563 808 725 851 ASTERIEN.

283 938 368 1007 QUID
380 937 439 1004 fles,
451 934 570 1003 Asterie,
583 953 667 1007 quem
678 934 730 989 tibi
743 934 857 989 candidi

284 1020 377 1074 Primo
389 1019 535 1074 restituent
546 1035 611 1073 vere
624 1017 750 1085 Favonii,

317 1104 418 1172 Thyna
430 1119 523 1156 merce
534 1103 656 1167 beatum,

354 1185 516 1240 Constantis
526 1185 659 1255 juvenem
671 1183 726 1238 fide

285 1320 403 1389 Gygen?
440 1319 490 1374 Ille
503 1319 587 1372 Notis
600 1327 679 1372 actus
692 1317 729 1371 ad
742 1316 857 1371 Oricum

285 1403 352 1456 Post
364 1402 465 1456 insana
477 1404 585 1472 Caprae
598 1401 698 1468 sidera,
710 1399 825 1470 frigidas

320 1487 426 1540 Noctes
438 1502 496 1539 non
508 1485 569 1538 sine
580 1483 675 1537 multis

356 1567 497 1624 insomnis
509 1567 632 1622 lacrimis
644 1567 710 1636 agit.

285 1702 371 1772 Atqui
383 1701 518 1756 sollicitae
531 1701 644 1755 nuntius
657 1700 794 1770 hospitae,

286 1785 432 1855 Suspirare
446 1786 563 1850 Chloen,
577 1793 604 1838 et
616 1784 748 1838 miseram
760 1783 815 1838 tuis

322 1869 427 1923 Dicens
440 1868 552 1938 ignibus
565 1867 615 1934 uri,

355 1953 460 2006 Tentat
471 1951 548 2006 mille
557 1949 636 2026 yat'er
648 1949 747 2004 modis.

288 2072 330 2126 Ut
343 2074 474 2126 Proetum
485 2071 585 2125 mulier
596 2071 703 2140 perfida
714 2072 856 2126 credulum

289 2155 381 2208 Falsis
393 2154 533 2223 impulerit
545 2153 707 2208 criminibus
719 2154 803 2208 nimis

324 2239 410 2292 Casto
423 2235 631 2305 Bellerophonti

359 2321 502 2373 Maturare
514 2333 612 2372 necem
624 2317 714 2372 refert

291 2443 395 2495 Narrat
407 2454 496 2510 paene
508 2438 606 2492 datum
620 2437 702 2492 Pelea
713 2439 840 2505 Tartaro,

290 2526 472 2594 Magnessam
486 2521 659 2591 Hippolyten
671 2520 739 2574 dum
751 2520 820 2590 fugit
833 2519 976 2575 abstinens
988 2540 994 2584 ;

325 2609 363 2672 Et
375 2622 491 2677 peccare
504 2605 636 2658 docentes

361 2689 458 2743 Fallax
470 2688 607 2743 historias·
614 2696 716 2754 movet,

292 2812 423 2865 Frustra:
443 2827 510 2864 nam
523 2808 645 2879 scopulis
658 2807 766 2862 surdior
780 2806 851 2860 icari

291 2897 383 2949 Voces
396 2892 474 2946 audit
486 2893 577 2946 adhuc
590 2891 702 2961 integer.
742 2892 788 2956 At,
801 2889 852 2949 tibi

327 2978 373 3030 Ne
385 2974 492 3028 vicinus
503 2975 627 3045 Enipeus

362 3058 428 3112 Plus
438 3057 514 3126 justo
526 3058 644 3126 placeat,
657 3072 742 3120 cave;

295 3177 429 3250 Quamvis
441 3194 499 3231 non
512 3176 583 3231 alius
595 3177 705 3230 flectere
718 3191 820 3246 equum
833 3174 923 3230 sciens

293 3264 389 3333 Aeque
401 3261 571 3331 conspicitur
582 3259 708 3330 gramine
721 3258 833 3326 Martio,

329 3347 391 3399 Nec
404 3344 552 3415 quisquam
564 3343 635 3398 citus
648 3359 736 3414 aeque

363 3429 457 3482 Tusco
469 3427 585 3482 denatat
594 3428 681 3481 alveo.
