2804 4176
438 472 531 515 LIBER
555 473 585 515 ll.
630 471 742 516 SATIRA
764 473 828 515 VIII.
996 471 1052 528 231

211 604 356 657 Invertunt
368 602 498 657 Allifanis
510 601 619 656 vinaria
631 611 692 656 tota

187 695 190 701 '
209 686 338 740 Vibidius
352 687 530 756 Balatroque,
543 685 648 741 secutis
662 685 814 750 omnibus;
833 684 882 737 imi

210 769 351 824 Convivae
364 769 429 824 lecti
440 769 560 823 nihilum
572 785 694 822 nocuere
707 768 822 836 lagenis.

208 852 331 907 Affertur
343 853 459 922 squillas
473 852 548 906 inter
559 868 677 905 murena
689 859 819 904 natantes

211 937 245 989 ln
254 936 352 1005 patina
360 946 497 1005 porrecta.
527 936 586 989 Sub
596 936 650 989 hoc
660 934 753 1001 herus,
765 935 845 987 Haec
855 931 980 1003 gravida,
989 933 1090 1004 inquit,

210 1020 301 1088 Capta
313 1029 364 1086 est,
377 1019 500 1074 deterior
511 1026 575 1088 post
586 1028 700 1088 partum
714 1033 798 1071 came
810 1017 909 1071 futura

209 1101 264 1155 His
276 1101 395 1156 mixtum
404 1102 451 1170 jus
464 1110 506 1155 est
520 1121 527 1166 ;
546 1101 617 1168 oleo,
631 1100 707 1170 quod
720 1100 812 1170 prima
824 1099 939 1154 Venafri

209 1185 315 1238 Pressit
327 1185 415 1249 cella;
434 1201 502 1253 garo
515 1184 551 1238 de
564 1184 638 1238 sucis
652 1183 739 1253 piscis
753 1183 854 1237 Hiberi
865 1203 872 1249 3

208 1267 283 1320 Vino
296 1267 476 1338 quinquenni,
491 1284 589 1321 verum
602 1267 673 1321 citra
685 1283 764 1321 mare
775 1275 852 1335 nato,

210 1350 288 1403 Dum
300 1350 428 1420 coquitur
442 1350 533 1418 (cocto
547 1349 650 1404 Chium
663 1349 703 1403 sic
717 1350 855 1417 convenit,
869 1359 968 1404 utnon

210 1432 275 1486 Hoc
287 1433 378 1502 magis
392 1433 479 1486 ullum
491 1431 579 1501 aliud)
592 1433 689 1502 pipere
702 1433 775 1500 albo,
788 1449 846 1486 non
859 1432 919 1487 sine
932 1442 1021 1500 acet0,

210 1515 294 1586 Quod
308 1516 542 1584 Methymnaeam
554 1515 622 1569 vitio
635 1515 785 1569 mutaverit
798 1533 889 1570 uvam.

210 1601 318 1653 Erucas
330 1598 442 1666 virides,
456 1599 546 1653 inulas
560 1615 613 1667 ego
624 1598 731 1668 primus
744 1615 856 1652 amaras

210 1682 369 1737 Monstravi
381 1682 539 1752 incoquere,
552 1682 654 1736 inlotos
669 1682 802 1736 Curtillus
815 1683 938 1750 echinos,

211 1765 252 1819 Ut
264 1765 364 1819 melius
377 1765 476 1831 muria,
489 1764 565 1834 quod
578 1772 651 1818 testa
663 1765 773 1819 marina
784 1764 916 1820 remittat.

211 1848 322 1902 Interea
334 1865 472 1918 suspensa
484 1864 583 1917 graves
596 1848 695 1901 aulaea
707 1847 802 1901 ruinas

210 1931 244 1983 ln
256 1930 384 1999 patinam
395 1931 494 1999 fecere,
507 1930 648 1984 trahentia
659 1931 781 2000 pulveris
794 1931 847 1986 atri

210 2013 356 2083 Quantum
368 2030 426 2067 non
438 2013 541 2084 Aquilo
555 2014 707 2083 Campanis
720 2015 823 2069 excitat
836 2013 919 2084 agris.

211 2097 273 2150 Nos
285 2096 377 2165 majus
389 2096 478 2163 veriti,
491 2105 642 2167 postquam
654 2097 724 2149 nihil
737 2113 798 2151 esse
810 2097 906 2167 pericli

210 2178 365 2246 Sensimus,
378 2179 517 2248 erigimur.
555 2178 653 2246 Rufus,
666 2179 758 2248 posito
770 2180 871 2250 capite,
883 2189 914 2234 ut
927 2180 951 2233 si

171 2268 174 2277 '
211 2261 299 2314 Filius
313 2261 478 2314 immaturus
492 2261 606 2328 obisset,
618 2262 692 2315 flere.
731 2261 801 2331 Quis
814 2271 889 2316 esset

212 2343 299 2410 Finis,
311 2343 341 2396 ni
354 2343 466 2412 sapiens
480 2343 520 2396 sic
531 2345 728 2397 Nomentanus
741 2343 864 2397 amicum

210 2426 333 2480 Tolleret
346 2445 351 2480 :
373 2428 447 2490 Heu,
461 2427 604 2480 Fortuna!
624 2425 686 2496 quis
699 2436 742 2480 est
755 2426 892 2480 crudelior
904 2426 934 2479 in
945 2443 998 2481 nos

211 2507 253 2563 Te
267 2509 366 2562 Deus?
406 2509 446 2562 Ut
458 2524 570 2577 semper
581 2508 687 2578 gaudes
701 2508 816 2562 illudere
829 2509 912 2562 rebus

212 2591 354 2646 Humanis
366 2593 371 2645 l
409 2591 510 2645 Varius
522 2608 627 2661 mappa
639 2607 817 2660 compescere
829 2591 916 2645 risum

209 2675 263 2728 Vix
274 2684 391 2745 poterat
430 2675 545 2728 Balatro
558 2674 732 2744 suspendens
746 2673 841 2728 omnia
853 2690 932 2742 naso,

211 2759 292 2812 Haec
305 2767 348 2812 est
361 2757 490 2812 condicio
502 2757 623 2826 vivendi,
636 2757 730 2812 aiebat
741 2777 748 2823 ;
767 2773 856 2828 eoque

211 2844 393 2912 Responsura
405 2851 453 2896 tuo
465 2858 609 2913 nunquam
622 2851 665 2896 est
677 2859 728 2912 par
740 2842 817 2897 fama
828 2843 924 2897 labori.

209 2928 296 2994 Tene,
309 2935 340 2980 ut
352 2942 405 2994 ego
417 2925 539 2995 accipiar
552 2927 635 2993 laute,
648 2926 801 2996 torquerier
813 2926 891 2980 omni

209 3009 404 3064 Sollicitudine
416 3009 583 3077 districtum,
595 3026 631 3064 ne
643 3010 726 3082 panis
739 3009 865 3077 adustus,

210 3094 256 3147 Ne
268 3092 342 3146 male
354 3092 499 3146 conditum
508 3092 555 3162 jus
568 3100 732 3162 apponatur,
745 3100 776 3145 ut
789 3108 887 3147 omnes

209 3175 365 3231 Praecincti
378 3185 452 3230 recte
464 3175 542 3245 pueri
555 3175 715 3246 comptique
727 3175 906 3232 ministrent?

209 3259 291 3314 Adde
303 3260 356 3314 hos
368 3267 513 3329 praeterea
526 3275 608 3313 casus
620 3278 628 3324 ;
646 3258 745 3312 aulaea
756 3268 838 3313 ruant
851 3259 883 3327 si,

208 3343 248 3398 Ut
260 3343 346 3398 modo
357 3361 364 3410 3
383 3343 407 3398 si
420 3342 546 3413 patinam
558 3341 630 3411 pede
642 3342 738 3410 lapsus
750 3342 861 3412 frangat
873 3360 967 3414 agaso.

209 3427 267 3482 Sed
279 3425 475 3493 convivatoris,
487 3425 528 3479 uti
541 3425 628 3493 ducis,
641 3425 785 3494 ingenium
796 3443 841 3481 res

206 3509 350 3566 Adversae
362 3511 468 3566 nudare
481 3509 581 3577 solent,
593 3509 683 3564 celare
696 3509 842 3565 secundae.
1032 3549 1056 3584 ⁷⁴
