2804 4176
317 409 376 466 190
569 406 700 450 HORATII
724 405 906 450 SATIRARUM

312 537 386 590 Tum
400 535 598 589 Praenestinus
611 534 686 588 salso
698 536 842 605 multoque
854 537 949 590 fluenti

314 619 454 686 Expressa
467 618 581 672 arbusto
593 617 694 686 regerit
707 618 841 686 convicia,
855 619 940 673 durus

312 699 515 767 Vindemiator,
529 710 556 753 et
570 700 698 768 invictus,
711 699 755 755 cui
769 718 852 770 saepe
865 702 955 755 viator

314 782 461 850 Cessisset,
474 800 578 852 magna
591 785 762 853 compellans
776 801 844 838 voce
857 786 993 839 cuculum.

312 866 350 919 At
364 866 496 932 Graecus,
509 876 659 936 postquam
671 876 713 921 est
728 867 800 920 Italo
812 867 940 936 perfusus
953 877 1042 934 aceto,

316 949 428 1003 Persius
442 950 587 1017 exclamat,
602 951 655 1003 Per
666 966 793 1018 magnos,
808 952 901 1017 Brute,
914 950 982 1004 deos
995 960 1023 1005 te

315 1033 382 1098 Oro,
396 1032 444 1101 qui
457 1048 536 1100 reges
550 1033 692 1085 consueris
706 1034 810 1100 tollere,
823 1050 872 1086 cur
885 1050 941 1086 non
982 1029 985 1034 ’

314 1114 398 1167 Hunc
413 1115 520 1183 Regem
535 1115 666 1185 jugulas?
704 1117 829 1184 Operum
847 1115 909 1182 hoc,
928 1114 998 1169 mihi
1017 1116 1106 1182 crede,

348 1205 460 1250 tuorum
473 1205 522 1250 est.
1141 1231 1164 1267 35

592 1393 758 1447 SATIRA
787 1393 882 1446 VIII.

314 1540 398 1592 OL1M
411 1546 525 1592 truncus
538 1554 616 1591 eram
628 1537 753 1604 ficulnus,
767 1536 863 1591 inutile
876 1538 983 1606 lignum
995 1557 1002 1602 ;
1068 1573 1070 1580 ι

313 1622 385 1675 Cum
397 1620 483 1687 faber,
497 1620 617 1674 incertus
633 1637 779 1673 scamnum
792 1620 931 1675 faceretne
945 1621 1086 1691 Priapum,

313 1705 415 1759 Maluit
428 1721 488 1758 esse
502 1704 593 1758 deum.
632 1705 709 1757 Deus
723 1703 788 1757 inde
800 1721 861 1773 ego,
874 1704 966 1758 surum
979 1705 1129 1775 aviumque

313 1788 440 1841 Maxima
452 1787 571 1840 formido
583 1806 589 1850 ;
609 1803 676 1840 nam
688 1786 761 1840 fures
775 1788 872 1842 dextra
884 1794 1002 1856 coercet,

313 1870 518 1938 Obscoenoque
531 1869 614 1923 ruber
626 1878 768 1938 porrectus
781 1869 818 1923 ab
831 1871 944 1939 inguine
957 1872 1038 1940 palus
1050 1890 1057 1935 ;

311 1953 365 2006 Ast
377 1951 551 2020 importunas
564 1952 690 2005 volucres
703 1951 732 2004 in
744 1952 848 2006 vertice
861 1953 969 2006 arundo

312 2036 410 2088 Terret
422 2033 485 2101 fixa,
498 2042 628 2104 vetatque
642 2034 721 2088 novis
735 2035 879 2090 considere
892 2035 921 2089 in
933 2035 1031 2090 hortis.
1124 2072 1126 2086 .

314 2118 379 2171 Huc
391 2116 467 2185 prius
481 2116 606 2185 angustis
620 2116 708 2186 ejecta
720 2117 858 2172 cadavera
870 2118 948 2172 cellis

314 2201 471 2254 Conservus
483 2199 531 2252 vili
543 2200 682 2268 portanda
693 2200 805 2255 locabat
818 2201 846 2254 in
859 2218 932 2255 arca

314 2285 378 2337 Hoc
391 2283 509 2337 miserae
521 2283 596 2352 plebi
610 2284 703 2338 stabat
716 2301 864 2339 commune
877 2285 1064 2354 sepulchrum,

313 2366 469 2420 Pantolabo
483 2383 601 2433 scurrae,
617 2368 852 2438 Nomentanoque
865 2367 967 2436 nepoti.

314 2450 392 2502 Mille
404 2449 490 2518 pedes
503 2449 532 2502 in
544 2448 642 2516 fronte,
656 2459 794 2504 trecentos
808 2450 905 2519 cippus
918 2450 947 2503 in
960 2467 1058 2519 agrum

314 2532 370 2586 Hic
383 2531 469 2585 dabat
480 2551 487 2596 ;
506 2532 623 2585 heredes
636 2542 848 2586 monumentum
861 2549 896 2586 ne
910 2543 1076 2603 sequeretur.

315 2616 398 2668 Nunc
411 2613 476 2668 licet
489 2615 622 2684 Esquiliis
635 2615 763 2668 habitare
776 2615 942 2683 salubribus,
956 2625 1040 2687 atque

311 2698 421 2766 Aggere
434 2696 463 2750 in
477 2697 571 2766 aprico
585 2697 708 2766 spatiari,
722 2698 875 2767 quomodo
888 2698 981 2753 tristes

312 2781 392 2835 Albis
405 2780 553 2834 informem
566 2781 731 2849 spectabant
745 2781 854 2835 ossibus
869 2798 974 2850 agrum

314 2864 386 2917 Cum
397 2862 473 2936 mihi,
479 2880 535 2917 non
549 2872 659 2917 tanturn
671 2863 800 2933 furesque
813 2863 950 2933 feraeque,
964 2869 1058 2919 suetae

314 2947 398 3000 Hunc
410 2963 510 3000 vexare
524 2947 625 3012 locum,
638 2963 720 3000 curae
734 2956 798 3000 sunt
811 2956 895 3016 atque
907 2947 1004 3014 labori,

314 3028 457 3096 Quantum
470 3028 641 3082 carminibus
655 3045 726 3098 quae
739 3038 850 3082 versant
864 3038 947 3099 atque
960 3029 1075 3084 venenis

314 3112 462 3164 Humanos
475 3111 601 3164 animos:
622 3111 674 3164 has
688 3112 763 3165 nullo
776 3111 892 3180 perdere
904 3127 1020 3181 possum

314 3194 376 3247 Nec
388 3193 536 3262 prohibere
548 3194 641 3261 modo,
655 3194 738 3248 simul
751 3211 783 3248 ac
796 3212 869 3264 vaga
880 3195 948 3249 luna
960 3194 1093 3248 decorum

314 3276 430 3331 Protulit
443 3293 483 3343 os,
496 3276 563 3346 quin
576 3294 642 3330 ossa
653 3278 748 3346 legant
761 3278 918 3347 herbasque
931 3287 1071 3332 nocentes.

312 3357 377 3412 Vidi
390 3367 501 3426 egomet
513 3359 594 3426 nigra
606 3359 778 3413 succinctam
790 3360 891 3414 vadere
904 3361 980 3428 palla

314 3439 470 3508 Canidiam,
483 3439 601 3508 pedibus
613 3441 697 3495 nudis
710 3459 848 3512 passoque
861 3443 971 3512 capillo,
1138 3477 1162 3513 24
