2792 4168
315 435 316 438 ’
349 485 353 493 1
415 429 509 472 LIBER
532 429 577 473 111.
623 431 754 473 CARMEN
777 431 843 474 XIX.
994 436 1049 474 101

476 733 665 788 CARMEN
697 737 782 789 XIX.

508 882 550 923 AD
568 884 746 926 TELEPHUM.

310 1002 473 1070 QUANTUM
486 1001 571 1057 distet
583 1004 620 1057 ab
635 1005 740 1058 Inacho

348 1085 455 1139 Codrus
468 1102 519 1155 pro
531 1087 622 1155 patria
634 1104 691 1140 non
703 1086 818 1141 timidus
830 1089 910 1154 mori,

308 1167 423 1235 Narras,
436 1177 464 1222 et
476 1185 564 1238 genus
576 1170 671 1236 Aeaci,

344 1251 381 1304 Et
394 1261 519 1320 pugnata
532 1268 611 1307 sacro
623 1252 698 1306 bella
710 1253 762 1306 sub
777 1252 846 1306 Ilio:

310 1369 373 1438 Quo
387 1369 490 1430 Chium
502 1370 592 1440 pretio
605 1371 707 1425 cadum

346 1453 512 1521 Mercemur‚
526 1453 587 1524 quis
600 1471 703 1524 aquam
715 1462 850 1523 temperet
863 1454 982 1524 ignibus

309 1535 372 1604 Quo
384 1537 537 1605 praebente
550 1537 673 1604 domum,
686 1545 714 1591 et
727 1546 813 1609 quota

345 1619 467 1690 Pelignis
480 1636 592 1673 caream
605 1620 762 1689 frigoribus,
775 1625 861 1674 taces.

309 1741 356 1792 Da
367 1740 449 1795 lunae
461 1757 578 1810 propere
591 1758 689 1809 novae,

344 1824 390 1875 Da
402 1823 492 1876 noctis
505 1823 623 1891 mediae,
636 1823 681 1891 da,
694 1840 771 1893 puer,
785 1824 897 1894 auguris

308 1905 459 1960 Murenae:
480 1906 568 1960 tribus
582 1914 630 1960 aut
642 1924 744 1960 novem

343 1988 499 2042 Miscentur
511 1989 619 2058 cyathis
631 1991 732 2060 pocula
744 1991 907 2045 commodis,

307 2108 363 2178 Qui
378 2109 476 2163 Musas
489 2119 566 2163 amat
578 2109 708 2179 impares,

341 2193 449 2245 Ternos
462 2201 504 2246 ter
516 2193 632 2260 cyathos
645 2193 780 2247 attonitus
793 2203 869 2264 petet

303 2276 390 2328 Vates
403 2293 409 2328 :
430 2283 485 2327 tres
498 2275 626 2344 prohibet
639 2292 724 2345 supra

341 2357 477 2410 Rixarum
489 2366 616 2411 metuens
630 2367 744 2427 tangere
759 2358 856 2412 Gratia

308 2475 399 2530 Nudis
409 2475 508 2545 juncta
520 2476 668 2532 sororibus.

344 2559 470 2612 Insanire
479 2559 559 2628 Juvat
570 2578 576 2614 :
597 2576 646 2614 cur
659 2561 841 2630 Berecyntiae

308 2644 426 2696 Cessant
438 2642 553 2695 flamina
564 2642 670 2698 tibiae?

343 2727 399 2780 Cur
411 2726 514 2796 pendet
526 2726 718 2781 tacitafistula
730 2744 795 2781 cum
810 2728 890 2797 lyra?

307 2847 456 2899 Parcentes
469 2863 521 2915 ego
534 2846 662 2901 dexteras
716 2855 719 2861 ’

341 2928 416 2983 Odi:
438 2945 537 2998 sparge
549 2947 646 2984 rosas:
667 2929 762 2983 audiat
775 2929 884 2984 invidus

306 3012 474 3064 Dementem
486 3012 632 3080 strepitum
647 3013 746 3081 Lycus,

340 3095 377 3147 Et
390 3093 482 3146 vicina
495 3094 554 3147 seni
567 3111 624 3149 non
636 3094 737 3148 habilis
751 3096 832 3164 Lyco.

306 3214 403 3283 Spissa
415 3222 442 3268 te
456 3213 576 3269 nitidum
589 3231 679 3282 coma,

340 3299 414 3352 Puro
427 3307 454 3352 te
467 3297 595 3364 similem,
608 3298 740 3366 Telephe,
752 3299 876 3368 Vespero

305 3380 485 3450 Tempestiva
497 3380 567 3450 petit
580 3379 679 3434 Rhode
692 3399 698 3434 ι

341 3463 390 3517 Me
403 3464 496 3518 lentus
510 3464 646 3532 Glycerae
659 3471 744 3518 torret
756 3481 836 3519 amor
847 3481 934 3519 meae.
