2792 4168
434 457 529 499 trena
551 456 591 500 1v.
635 456 765 501 cannen
786 417 830 499 ix.
998 459 1053 516 131

351 588 422 655 Nec,
435 587 459 641 si
472 587 539 658 quid
552 586 618 642 olim
631 586 697 642 lusit
709 589 865 655 Anacreon,

352 671 463 725 Delevit
476 679 553 725 aetas
565 690 572 736 3
592 671 679 740 spirat
691 671 783 725 adhuc
797 687 882 739 amor,

384 754 545 824 Vivuntque
557 753 699 807 commissi
712 755 818 807 calores

419 837 533 890 Aeoliae
547 837 649 890 fidibus
661 837 777 906 puellae.

351 973 418 1026 Non
431 973 491 1026 sola
504 982 631 1041 comptos
643 971 711 1026 arsit
723 972 842 1026 adulteri

351 1054 456 1122 Crines,
470 1063 497 1109 et
510 1072 608 1109 aurum
620 1055 744 1108 vestibus
757 1054 857 1109 illitum

384 1138 491 1192 Mirata
502 1139 664 1209 regalesque
677 1138 766 1192 cultus

420 1222 457 1275 Et
470 1221 595 1288 comites,
610 1222 718 1274 Helene
732 1223 878 1284 Lacaena3

349 1355 494 1411 Primusve
506 1358 615 1410 Teucer
627 1357 682 1410 tela
695 1356 821 1425 Cydonio
842 1384 845 1392 ·

348 1440 458 1493 Direxit
470 1456 555 1504 arcu;
573 1456 631 1493 non
644 1440 730 1492 semel
745 1440 811 1492 Ilios

382 1523 508 1586 Vexata3
527 1538 584 1575 non
597 1521 731 1591 pugnavit
744 1522 842 1592 ingens

411 1606 578 1660 Idomeneus
592 1605 774 1660 Sthenelusve
787 1607 863 1659 solus

347 1741 476 1796 Dicenda
490 1741 580 1795 Musis
593 1741 698 1810 proelia
709 1761 716 1807 ;
735 1758 792 1796 non
804 1741 880 1796 ferox

349 1826 464 1892 Hector,
476 1824 521 1878 vel
533 1841 597 1878 acer
610 1825 775 1894 Deiphobus
787 1842 886 1895 graves

384 1909 503 1978 Excepit
516 1909 587 1963 ictus
600 1926 650 1978 pro
663 1909 772 1979 pudicis

418 1991 591 2060 Conjugibus
604 1993 752 2063 puerisque
764 1993 879 2062 primus.

346 2125 447 2179 Vixere
459 2125 544 2180 fortes
558 2135 623 2179 ante
635 2128 849 2196 Agamemnona

347 2209 431 2262 Multi
445 2227 451 2272 ;
471 2208 521 2261 sed
534 2226 631 2262 omnes
644 2211 850 2267 illacrimabiles

382 2291 525 2358 Urgentur
537 2292 680 2363 ignotique
692 2294 777 2363 longa

418 2373 521 2439 Nocte,
534 2383 630 2426 carent
643 2374 709 2444 quia
720 2384 784 2429 vate
797 2393 884 2431 sacr0.

347 2508 475 2562 Paullum
488 2508 612 2576 sepultae
625 2507 710 2562 distat
724 2510 838 2564 inertiae

347 2591 446 2645 Celata
456 2590 552 2645 virtus.
589 2591 617 2643 N
620 2607 656 2644 on
670 2608 721 2660 ego
735 2601 762 2646 te
774 2592 844 2646 meis

381 2674 493 2729 Chartis
507 2674 666 2728 inornatum
679 2676 775 2743 sileb0,

415 2758 505 2811 Totve
517 2767 580 2811 tuos
593 2757 683 2826 patiar
695 2759 805 2812 labores

347 2880 473 2947 Impune,
488 2879 566 2947 Lolli,
580 2895 693 2948 carpere
704 2879 804 2932 lividas

348 2961 519 3016 Obliviones.
557 2963 610 3015 Est
622 2962 732 3016 animus
745 2962 797 3016 tibi

381 3045 541 3115 Rerumque
554 3044 685 3113 prudens,
698 3054 725 3098 et
738 3044 869 3098 secundis

414 3127 601 3197 Temporibus
614 3127 761 3199 dubiisque
773 3138 864 3182 rectus
876 3149 883 3193 ;

345 3250 455 3305 Vindex
468 3267 568 3304 avarae
581 3250 695 3318 fraudis,
708 3260 736 3305 et
748 3251 892 3306 abstinens

345 3334 483 3389 Ducentis
496 3334 532 3387 ad
545 3350 575 3388 se
587 3343 689 3387 cuncta
701 3334 844 3403 pecuniae,

380 3418 539 3488 Consulque
551 3434 608 3471 non
621 3417 702 3472 unius
714 3417 789 3486 anni,

413 3500 470 3554 Sed
483 3500 591 3572 quoties
603 3500 694 3555 bonus
707 3509 790 3572 atque
802 3501 876 3559 fidus
