2792 4168
421 402 515 444 LIBER
537 402 581 443 111.
628 400 758 444 CARMEN
781 400 844 444 XIV.
1015 402 1052 460 95

351 530 451 585 Primis
464 539 492 584 et
504 531 643 583 Venerem
656 538 684 582 et
695 529 800 598 proelia
812 529 941 584 destinat.

350 614 482 667 Frustra:
502 629 569 666 nam
581 611 689 681 gelidos
702 612 806 666 inficiet
818 612 869 666 tibi

385 695 482 749 Rubro
494 695 630 764 sanguine
641 694 716 748 rivos

422 777 530 832 Lascivi
543 778 654 831 suboles
667 778 766 847 gregis.

350 937 392 989 Te
404 935 547 1004 flagrantis
560 944 639 989 atrox
651 935 721 989 hora
735 934 884 990 Caniculae

352 1018 451 1072 Nescit
463 1027 596 1086 tangere3
614 1027 645 1071 tu
658 1017 744 1086 frigus
758 1018 879 1072 amabile

387 1100 481 1155 Fessis
499 1117 611 1154 vomere
623 1101 709 1154 tauris

423 1185 554 1251 Praebes,
566 1193 594 1238 et
605 1184 699 1254 pecori
711 1202 791 1254 vago.

355 1341 419 1395 Fies
431 1341 568 1396 nobilium
581 1351 611 1395 tu
624 1358 734 1413 quoque
745 1341 873 1410 fontium,

355 1426 403 1478 Me
415 1425 526 1479 dicente
538 1425 614 1479 cavis
628 1425 789 1495 impositam
801 1425 894 1480 ilicem

390 1508 478 1574 SaxiS,
491 1508 565 1561 unde
577 1509 708 1578 loquaces

426 1591 571 1660 Lymphae
583 1591 715 1645 desiliunt
727 1600 799 1646 tuae.

492 2063 679 2117 CARMEN
711 2065 796 2116 xlv.

351 2234 386 2274 ru
404 2233 538 2276 nucusrr
557 2235 600 2275 nx
619 2234 769 2277 mserum
788 2235 940 2278 nanuum.

363 2380 526 2434 HERCULIS
539 2379 601 2446 ritu,
614 2379 698 2433 modo
711 2380 811 2448 dictus,
824 2399 840 2436 o
853 2383 940 2451 plebs,

364 2462 456 2514 Morte
468 2462 595 2514 venalem
606 2462 721 2531 petiisse
732 2463 850 2531 laurum,

365 2545 467 2599 Caesar
481 2544 611 2613 Hispana
625 2545 724 2614 repetit
736 2555 851 2614 penates

433 2626 530 2681 Victor
542 2627 579 2681 ab
592 2643 647 2680 ora.

365 2784 459 2839 Unico
471 2784 596 2855 gaudens
608 2785 707 2839 mulier
718 2785 819 2839 marito

365 2868 493 2935 Prodeat,
503 2869 586 2937 justis
599 2877 713 2938 operata
725 2868 819 2936 sacris,

367 2953 405 3004 Et
417 2968 496 3005 soror
508 2952 575 3006 clari
587 2952 667 3007 ducis
679 2962 707 3007 et
721 2952 839 3006 decorae

437 3035 567 3103 Supplice
579 3035 650 3088 vitta

368 3193 512 3262 Virginum
526 3203 629 3248 matres
638 3193 828 3263 juvenumque
839 3209 928 3263 nuper

370 3275 520 3345 Sospitum.
557 3277 616 3330 Vos
629 3294 645 3330 o
658 3276 744 3346 pueri,
757 3286 785 3330 et
797 3277 905 3346 puellae

371 3361 438 3415 Non
449 3358 540 3413 virum
551 3369 689 3429 expertae,
701 3360 775 3414 male
788 3359 918 3414 ominatis

441 3443 549 3498 Parcite
562 3442 662 3498 verbis.
