2766 4162
407 426 501 467 LIBER
525 425 543 468 l.
589 426 720 469 CARMEN
743 426 864 468 XXXVII.
1023 425 1060 486 45

318 557 424 609 Omnes
438 555 466 609 in
481 555 615 609 Damalin
628 564 722 624 putres

354 640 504 708 Deponent
517 639 631 701 oculos;
650 653 702 690 nec
718 638 846 691 Damalis
860 655 933 691 novo

320 721 475 775 Divelletur
488 722 625 788 adultero,

355 805 480 859 Lascivis
493 805 604 859 hederis
618 801 800 858 ambitiosior.

445 1292 634 1345 CARMEN
667 1292 831 1345 XXXVII.

533 1450 576 1491 AD
595 1449 737 1493 SODALES.

356 1585 449 1637 NUNC
463 1592 506 1636 est
517 1583 680 1651 bibendum,
693 1601 767 1638 nunc
781 1584 852 1653 pede
864 1584 952 1637 libero

356 1665 497 1719 Pulsanda
509 1667 599 1734 tellus,
612 1684 686 1720 nunc
701 1667 854 1721 Saliaribus

391 1750 498 1802 Omare
510 1749 638 1819 pulvinar
650 1749 766 1803 deorum

425 1834 550 1900 Tempus
563 1842 622 1886 erat
635 1832 763 1903 dapibus,
777 1833 896 1887 sodales.

320 1969 325 1980 ⁸
355 1987 482 2040 Antehac
495 1987 574 2041 nesas
588 1987 751 2056 depromere
764 1991 925 2044 Caecubum

358 2070 442 2124 Cellis
455 2070 546 2138 avitis,
559 2070 627 2124 dum
641 2073 779 2140 Capitolio

391 2153 501 2222 Regina
513 2153 658 2208 dementes
671 2155 775 2224 ruinaS,

427 2237 523 2290 Funus
536 2244 564 2289 et
577 2237 694 2306 irnperio
706 2240 833 2308 parabat,

358 2393 557 2448 Contaminato
570 2411 634 2448 curn
646 2412 730 2464 grege
743 2395 865 2464 turpium

359 2475 461 2529 Morbo
473 2476 606 2546 virorum¹
618 2477 754 2546 quidlibet
767 2477 906 2546 impotens

392 2559 518 2627 Sperare,
531 2558 697 2629 fortunaque
709 2559 784 2613 dulci

425 2641 520 2696 Ebria.
559 2641 615 2696 Sed
628 2642 730 2696 minuit
742 2643 863 2698 furorem

357 2802 411 2854 Vix
424 2818 481 2854 una
494 2818 590 2870 sospes
603 2800 683 2853 navis
696 2799 732 2853 ab
746 2800 858 2869 ignibus
870 2819 877 2864 ;

357 2885 537 2954 Mentemque
550 2884 725 2953 lymphatam
741 2883 895 2937 Mareotico
983 2873 986 2880 ’

392 2966 512 3034 Redegit
525 2966 553 3018 in
566 2982 646 3019 veros
660 2965 773 3018 timores

427 3050 538 3116 Caesar,
551 3049 588 3102 ab
603 3047 686 3102 ltalia
697 3048 840 3100 volantem

358 3206 454 3260 Remis
467 3206 614 3275 adurgens,
628 3204 771 3273 (accipiter
783 3206 858 3260 velut

358 3289 458 3342 Molles
471 3287 624 3353 columbas,
637 3295 685 3339 aut
697 3287 821 3355 leporem
834 3290 905 3344 citus

391 3371 515 3425 Venator
527 3370 556 3423 in
569 3369 676 3438 campis
689 3369 789 3423 nivalis

429 3451 624 3520 Haemoniae)
638 3452 717 3506 daret
730 3462 760 3507 ut
772 3455 878 3509 catenis
