2748 4138
353 493 354 496 ,
430 458 523 501 LIBER
546 459 579 501 11.
623 460 771 504 EPISTOLA
794 460 813 504 1.
990 461 1046 518 271
1067 485 1070 490 ν

160 655 164 662 1
205 587 315 639 Navem
328 602 410 655 agere
423 586 535 656 ignarus
548 586 628 641 navis
641 588 737 642 timet:
759 590 926 643 abrotonum
939 605 1022 658 aegro

204 671 271 723 Non
284 671 376 737 audet,
387 670 440 724 nisi
450 671 497 740 qui
511 671 617 739 didicit,
627 672 711 726 dare:
732 673 807 742 quod
816 673 988 730 medicorum
1001 683 1052 738 est,

204 753 372 807 Promittunt
385 754 486 808 medici
498 773 504 819 ;
524 764 645 808 tractant
657 755 768 809 fabrilia
779 755 850 810 fabri
863 775 869 810 ι

203 835 357 889 Scribimus
369 836 475 891 indocti
486 837 616 907 doctique
628 842 760 907 poemata
772 839 884 907 passim.

205 919 261 972 Hic
274 935 351 972 error
361 928 457 973 tamen
470 928 497 973 et
509 920 577 973 levis
587 921 657 974 haec
670 920 781 974 insania
792 930 911 991 quantas

202 1001 325 1055 Virtutes
338 1001 449 1070 habeat,
463 1002 502 1056 sic
515 1003 614 1072 collige
627 1023 632 1058 :
653 1004 725 1056 vatis
738 1020 837 1057 avarus

204 1085 270 1137 Non
280 1093 384 1138 temere
392 1094 434 1138 est
442 1086 567 1150 animus;
584 1103 680 1140 versus
690 1095 775 1153 amat,
784 1087 838 1140 hoc
848 1086 940 1141 studet
950 1104 1035 1140 unum
1045 1107 1051 1151 ;

204 1166 389 1234 Detrimenta,
402 1167 482 1237 fugas
495 1185 646 1236 servorum,
660 1169 789 1222 incendia
802 1169 873 1223 ridet
884 1189 891 1233 ;

204 1250 271 1303 Non
285 1249 411 1303 fraudem
425 1251 509 1318 socio,
522 1268 643 1320 puerove
656 1251 790 1320 incogitat
803 1252 888 1305 ullam

204 1333 312 1402 Pupillo
324 1353 331 1398 ;
350 1333 418 1388 vivit
431 1334 537 1404 siliquis
551 1343 578 1388 et
590 1351 663 1404 pane
676 1335 815 1389 secundo:

204 1416 323 1470 Militiae
335 1434 506 1486 quamquam
519 1417 637 1487 pigeret
650 1419 749 1485 malus,
762 1417 836 1471 utilis
852 1419 913 1473 urbi
927 1438 934 1482 ;

203 1499 233 1552 Si
246 1498 297 1552 das
309 1500 373 1567 hoc,
385 1501 479 1569 parvis
492 1517 602 1571 quoque
614 1502 698 1555 rebus
710 1518 814 1569 magna
824 1501 923 1570 juvari.

204 1584 244 1636 Os
257 1592 384 1636 tenerum
396 1583 475 1652 pueri
488 1583 659 1653 balbumque
670 1589 755 1652 po'e‘ta
766 1583 866 1653 figurat
878 1604 885 1650 ;

202 1665 326 1735 Torquet
338 1666 375 1719 ab
388 1665 535 1719 obscoenis
545 1665 606 1735 jam
619 1682 693 1719 nunc
706 1665 881 1720 sermonibus
894 1683 989 1721 aurem
1001 1687 1007 1731 ;

203 1748 271 1801 Mox
284 1747 369 1801 etiam
381 1757 479 1817 pectus
492 1748 648 1817 praeceptis
660 1748 762 1802 format
774 1747 882 1816 amicis,

201 1830 369 1900 Asperitatis
382 1841 409 1884 et
423 1830 543 1884 invidiae
556 1841 694 1885 corrector
707 1840 735 1884 et
747 1830 804 1884 irae
816 1850 823 1896 ;

203 1914 290 1967 Recte
302 1913 377 1966 iacta
388 1913 472 1967 refert
483 1933 489 1977 3
508 1913 626 1967 orientia
638 1922 766 1983 tempora
777 1913 852 1967 notis

203 1996 319 2049 Instruit
331 1996 465 2064 exemplis
477 2015 484 2060 ;
503 1995 616 2065 inopem
629 1996 733 2050 solatur
745 2005 773 2050 et
785 2013 906 2065 aegrum.

204 2078 296 2131 Castis
309 2095 374 2131 cum
386 2078 479 2146 pueris
492 2078 590 2146 ignara
601 2079 694 2147 puella
706 2079 799 2132 mariti

204 2159 332 2213 Disceret
345 2159 419 2212 unde
431 2176 536 2229 preces,
549 2169 642 2213 vatem
655 2161 684 2212 ni
699 2162 784 2214 Musa
795 2161 938 2216 dedisset?

204 2242 299 2296 Poscit
311 2258 394 2310 opem
407 2242 516 2309 chorus,
529 2251 557 2296 et
569 2243 728 2311 praesentia
740 2243 856 2296 numina
868 2245 952 2298 sentit
964 2265 970 2308 ;

204 2324 346 2377 Caelestes
359 2323 489 2392 implorat
502 2341 589 2393 aquas
602 2324 686 2377 docta
698 2340 781 2392 prece
792 2325 913 2379 blandus
925 2345 932 2389 ;

203 2405 311 2460 Avertit
323 2406 445 2473 morboS,
458 2405 610 2459 metuenda
621 2406 745 2476 pericula
756 2406 834 2475 pellit
847 2426 853 2471 ;

205 2491 339 2558 Impetrat
352 2498 379 2542 et
391 2505 499 2559 pacem,
512 2498 540 2543 et
551 2490 720 2558 locupletem
732 2490 858 2558 frugibus
871 2508 982 2546 annum.

205 2571 335 2625 Carmine
349 2571 387 2625 Di
400 2573 492 2641 superi
504 2572 658 2641 placantur,
672 2573 795 2626 carmine
809 2575 917 2627 Manes.

202 2655 350 2724 Agricolae
362 2654 455 2724 prisci,
467 2653 561 2722 sorteS,
574 2671 716 2725 parvoque
728 2656 812 2723 beati,

206 2738 327 2792 Condita
339 2747 403 2807 post
415 2737 563 2805 frumenta,
576 2738 700 2791 levantes
713 2747 839 2807 tempore
851 2739 923 2792 festo

206 2822 314 2890 Corpus
326 2830 354 2874 et
367 2821 458 2890 ipsum
471 2820 598 2874 animum
611 2837 661 2890 spe
673 2820 736 2873 finis
749 2821 819 2874 dura
831 2821 974 2888 ferentem,

205 2904 278 2959 Cum
290 2904 373 2958 sociis
386 2920 509 2973 operum,
522 2904 623 2973 pueris,
636 2912 665 2957 et
677 2903 795 2974 conjuge
807 2904 872 2972 fida,

205 2988 346 3041 Tellurem
358 3003 451 3056 porco,
466 2987 610 3040 Silvanum
623 2987 696 3041 lacte
708 2987 833 3056 piabant,

206 3071 334 3125 Floribus
347 3079 375 3124 et
387 3070 452 3124 vino
467 3069 596 3137 Genium,
609 3087 762 3124 memorem
775 3071 866 3125 brevis
879 3071 948 3126 aevi.

206 3154 381 3208 Fescennina
392 3169 442 3222 per
454 3153 528 3207 hunc
542 3153 656 3208 inventa
667 3153 781 3207 licentia
792 3171 899 3208 morem

205 3238 339 3292 Versibus
352 3237 466 3291 alternis
479 3237 629 3306 opprobria
641 3237 745 3291 rustica
756 3237 826 3290 fudit
838 3256 845 3302 ;

207 3321 389 3390 Libertasque
402 3329 574 3373 recurrentes
587 3329 703 3388 accepta
714 3336 764 3389 per
776 3337 865 3374 annos

207 3405 284 3458 Lusit
297 3403 455 3459 amabiliter
466 3423 473 3468 ;
492 3403 581 3457 donec
591 3403 652 3473 jam
665 3419 764 3457 saevus
778 3413 903 3472 apertam

208 3488 242 3540 In
254 3487 362 3542 rabiem
375 3487 466 3557 coepit
478 3486 548 3542 verti
558 3486 648 3556 jocus,
661 3494 688 3540 et
700 3502 750 3555 per
762 3485 895 3540 honestas
1021 3521 1043 3556 14
