2792 4168
330 419 388 475 108

587 432 719 474 HORATlI
744 432 917 475 CARMINUM

431 562 584 615 Aeternum
596 559 735 614 meditaris
748 559 833 614 decus

411 689 413 694 ,
468 643 561 697 Stellis
575 643 695 697 inserere
707 653 735 698 et
748 643 865 698 consilio
877 643 953 714 Jovis
966 647 972 698 l

433 725 535 779 Dicam
548 725 665 794 insigne,
678 743 783 794 recens,
797 726 889 780 adhuc

468 807 610 862 Indictum
622 825 669 862 ore
682 809 744 862 alio.
785 810 812 862 N
815 825 853 862 on
865 826 946 864 secus
959 809 988 863 in
997 809 1073 879 jugis

432 928 583 981 Exsomnis
596 936 688 998 stupet
702 928 789 982 Euias

468 1011 597 1064 Hebrum
609 1011 781 1080 prospiciens
794 1020 822 1065 et
833 1011 898 1066 nive
910 1011 1061 1068 candidam

431 1093 561 1146 Thracen
574 1110 607 1147 ac
619 1093 691 1163 pede
703 1094 824 1148 barbaro

468 1177 627 1229 Lustratam
641 1177 807 1247 Rhodopen,
820 1186 851 1232 ut
863 1178 933 1232 mihi
946 1178 1028 1233 devio

432 1294 521 1363 Ripas
534 1304 562 1349 et
573 1312 693 1350 vacuum
706 1313 805 1350 nemus

468 1377 565 1430 Mirari
577 1377 652 1433 libet.
693 1379 717 1432 Ο
734 1379 877 1433 Naiadum
889 1388 989 1449 potens

435 1461 665 1532 Baccharumque
677 1462 831 1516 valentium

467 1544 599 1597 Proceras
611 1544 741 1598 manibus
754 1554 859 1598 vertere
872 1543 1002 1611 fraxinos

432 1662 480 1715 Nil
493 1679 610 1731 parvum
623 1673 670 1717 aut
684 1664 783 1717 humili
795 1664 889 1732 mod0,

468 1746 516 1799 Nil
528 1748 645 1801 mortale
658 1748 762 1818 loquar.
802 1748 892 1802 Dulce
904 1747 1059 1817 periculum
1071 1758 1123 1814 est,

433 1829 457 1882 Ο
473 1829 599 1910 Lenaee!
619 1831 698 1901 sequi
711 1830 795 1885 deum

468 1912 635 1981 cingentem
646 1913 728 1967 viridi
740 1922 868 1984 tempora
879 1913 1022 1984 pampino.

582 2212 771 2266 CARMEN
804 2213 921 2266 XXVI.

637 2356 680 2398 no
698 2357 857 2398 munnam.

466 2478 541 2531 Vixi
553 2477 651 2546 puellis
664 2494 753 2548 nuper
765 2477 891 2546 idoneus,

467 2562 504 2614 Et
517 2560 633 2614 militavi
646 2578 703 2614 non
716 2561 776 2615 sine
789 2561 895 2630 gloria3

501 2644 584 2696 Nunc
598 2660 676 2696 arma
687 2642 905 2713 defunctumque
917 2643 991 2698 bello

536 2725 672 2779 Barbiton
683 2725 729 2778 hic
741 2725 833 2795 paries
845 2725 968 2793 habebit,

468 2844 590 2898 Laevum
602 2844 727 2899 marinae
740 2844 788 2915 qui
800 2845 917 2898 Veneris
929 2846 1003 2899 latus

467 2927 603 2982 Custodit.
642 2927 706 2994 Hic,
719 2927 765 2981 hic
778 2927 874 2997 ponite
886 2928 980 2982 lucida

502 3009 622 3063 Funalia
633 3019 661 3063 et
674 3019 767 3063 vectes
780 3019 807 3064 et
819 3027 900 3064 arcus

537 3092 682 3162 Oppositis
695 3093 800 3147 loribus
812 3093 944 3147 minaces.

467 3212 492 3264 Ο
505 3228 577 3281 quae
589 3212 711 3280 beatam,
723 3212 796 3280 diva,
810 3220 888 3266 tenes
902 3213 1025 3281 Cyprum
1037 3223 1065 3266 et

386 3341 387 3344 ,
467 3294 615 3364 Memphin
627 3306 769 3351 carentem
783 3295 911 3350 Sithonia
923 3295 995 3360 nive,

502 3376 620 3445 Regina,
634 3377 745 3431 sublimi
758 3378 868 3446 flagello

536 3459 634 3528 Tange
648 3460 755 3514 Chloen
768 3460 854 3515 semel
867 3468 1051 3528 arrogantem.
