2792 4168
458 423 552 466 maun
575 423 619 465 111.
668 421 798 466 cruunu
821 422 864 464 xr.
1045 425 1082 480 93

379 553 525 620 Cerberus,
538 551 666 622 quamvis
678 551 775 605 furiale
788 560 900 605 centum

380 635 512 690 Muniant
525 651 630 704 angues
643 643 727 704 caput
740 634 808 704 ejus,
820 643 905 705 atque

380 718 499 788 Spiritus
512 727 583 771 teter
595 717 743 787 saniesque
755 725 851 771 manet

450 803 506 856 Ore
519 800 653 869 trilingui.

381 934 456 1004 Quin
468 943 496 988 et
510 933 590 988 Ixion
602 933 756 1003 Tityosque
768 933 845 987 voltu

380 1017 454 1072 Risit
465 1017 553 1071 invito
565 1036 572 1082 ;
591 1016 668 1070 stetit
680 1033 750 1070 urna
761 1016 886 1085 paullum

382 1101 471 1168 Sicca,
485 1100 553 1154 dum
565 1108 646 1168 grato
660 1098 753 1151 Danai
766 1098 873 1169 puellas

451 1183 583 1238 Carmine
595 1181 708 1236 mulces,

382 1316 487 1370 Audiat
501 1315 577 1385 Lyde
590 1314 680 1369 scelus
693 1323 777 1385 atque
788 1323 870 1369 notas

382 1399 529 1468 Virginum
541 1415 656 1468 poenas,
670 1407 698 1452 et
710 1397 793 1451 inane
805 1398 936 1467 lymphae

386 1482 501 1535 Dolium
514 1480 601 1535 fundo
613 1481 755 1550 pereuntis
768 1480 833 1547 imo,

456 1565 579 1634 Seraque
593 1563 658 1630 iata,

387 1697 467 1766 Quae
479 1705 595 1750 manent
607 1698 704 1766 culpas
717 1695 802 1751 etiam
815 1697 867 1751 sub
881 1697 962 1750 Orco.

387 1791 495 1860 Impiae
509 1791 667 1863 (namquid
681 1801 795 1862 potuere
808 1792 898 1862 majus
906 1792 928 1861 ?)

388 1875 495 1946 Impiae
509 1891 628 1944 sponsos
640 1884 755 1944 potuere
768 1876 837 1930 duro

457 1959 576 2013 Perdere
588 1959 668 2012 ferro.

387 2091 455 2144 Una
466 2092 502 2146 de
516 2091 620 2159 multis,
633 2090 694 2144 sace
706 2091 823 2161 nuptiali

388 2173 492 2242 Digna,
505 2174 647 2244 perjurum
659 2174 710 2228 fuit
722 2175 751 2227 in
764 2183 909 2244 parentem

391 2255 544 2325 Splendide
557 2254 686 2323 mendax,
699 2256 768 2310 etin
780 2273 864 2311 omne
875 2257 954 2326 virgo

459 2337 571 2392 Nobilis
584 2353 701 2392 aevum:

391 2469 488 2539 Surge,
501 2459 573 2540 {puae
585 2468 655 2523 dixit
664 2469 760 2539 juveni
772 2469 881 2537 marit0,

391 2552 488 2622 Surge,
500 2568 536 2606 ne
548 2552 648 2620 longus
661 2551 712 2606 tibi
724 2568 848 2619 somnus,
861 2551 935 2606 unde

391 2637 458 2690 Non
471 2636 562 2703 timeS,
575 2635 673 2700 detur3
693 2652 820 2690 socerum
832 2644 860 2690 et
873 2636 1004 2690 scelestas

461 2719 539 2773 Falle
552 2735 660 2772 sorores
671 2737 678 2783 ;

396 2839 485 2908 Quae,
497 2839 573 2893 velut
585 2847 685 2893 nactae
696 2837 798 2892 vitulos
810 2838 933 2906 leaenae,

394 2921 534 2990 Singulos,
547 2922 635 2976 eheu!
655 2921 794 2976 lacerant:
816 2938 867 2990 ego
879 2921 934 2991 illis

394 3003 515 3071 Mollior,
527 3021 579 3058 nec
592 3013 620 3059 te
631 3003 738 3072 seriam,
751 3021 842 3079 neque
853 3003 927 3058 intra

463 3087 592 3140 Claustra
603 3087 713 3141 tenebo.

395 3207 445 3260 Me
456 3214 535 3275 pater
548 3205 638 3260 saevis
651 3216 747 3261 oneret
760 3206 874 3275 cateniS,

397 3289 480 3358 Quod
492 3289 552 3342 viro
564 3289 687 3344 clemens
700 3290 802 3344 misero
814 3289 924 3360 peperci
935 3308 943 3354 ;

397 3372 447 3426 Me
458 3371 503 3426 vel
515 3381 652 3425 extremos
666 3373 853 3428 Numidarum
865 3373 894 3427 in
906 3388 988 3442 agros

467 3455 563 3509 Classe
575 3454 686 3525 releget.
