2804 4176
453 426 547 468 LIBER
570 427 602 469 11.
649 425 762 469 SATIRA
783 426 823 470 vl.
1003 427 1060 484 223

190 553 243 605 Per
256 563 340 623 caput
352 563 380 608 et
392 555 468 608 circa
480 555 583 609 saliunt
595 556 675 609 latus.
713 557 788 609 Ante
801 554 953 609 secundam

190 635 310 690 Roscius
323 638 422 691 orabat
435 637 488 691 sibi
501 638 615 692 adesses
628 639 665 692 ad
678 639 776 692 Puteal
788 655 857 692 cras

191 718 235 770 De
248 735 277 772 re
289 721 430 777 communi
444 721 553 775 scribae
565 738 669 790 magna
681 731 766 791 atque
779 737 853 774 nova
865 730 892 775 te

191 802 319 855 Orabant
331 803 414 857 hodie
427 804 612 872 meminisses,
627 805 739 873 Quinte,
752 803 860 857 reverti.

191 883 337 952 Imprimat
349 886 402 953 his,
416 903 489 954 cura,
504 888 656 941 Maecenas
670 888 751 956 signa
764 886 882 940 tabellis.

191 967 311 1035 Dixeris,
325 969 460 1038 Experiar
473 989 478 1025 :
501 970 531 1024 Si
543 971 594 1038 vis,
607 980 696 1040 poteS,
709 970 796 1036 addit,
810 978 838 1023 et
850 969 944 1022 instat,

190 1049 332 1119 Septimus
344 1061 444 1106 octavo
456 1053 569 1121 propior
578 1053 639 1122 jam
651 1053 752 1122 fugerit
765 1069 864 1120 annus,

191 1134 234 1185 Ex
247 1150 302 1202 quo
316 1136 467 1189 Maecenas
481 1153 526 1190 me
538 1138 630 1206 coepit
642 1138 746 1191 habere
760 1154 872 1191 suorum

191 1217 225 1269 ln
238 1234 361 1286 numero,
374 1219 520 1274 dumtaxat
533 1221 569 1274 ad
582 1221 644 1288 hoc,
658 1238 741 1291 quem
755 1221 852 1274 tollere
865 1218 953 1274 rheda

189 1300 287 1368 Vellet,
301 1302 352 1354 iter
364 1302 478 1371 faciens,
491 1313 519 1358 et
532 1305 575 1358 cui
589 1304 755 1359 concredere
767 1321 857 1372 nugas

190 1383 254 1436 Hoc
266 1401 372 1452 genus;
393 1387 473 1440 Hora
483 1397 569 1456 quota
578 1389 639 1441 est?
659 1388 753 1440 Threx
763 1395 806 1440 est
820 1384 933 1440 Gallina
944 1387 1013 1455 Syro
1023 1388 1091 1456 par?

190 1466 331 1521 Matutina
343 1485 443 1538 parum
455 1479 551 1523 cautos
562 1470 622 1539 jam
634 1469 738 1539 frigora
749 1469 879 1523 mordent
891 1488 898 1534 ;

190 1551 227 1602 Et
240 1567 311 1620 quae
324 1551 428 1606 rimosa
439 1554 511 1606 bene
523 1553 701 1622 deponuntur
714 1553 743 1606 in
756 1569 831 1606 aure.

190 1634 242 1686 Per
255 1643 345 1688 totum
356 1635 410 1688 hoc
424 1645 533 1705 tempus
547 1637 697 1705 subjectior
710 1636 738 1688 in
752 1635 828 1689 diem
841 1635 980 1689 ethoram

190 1717 316 1770 Invidiae
328 1727 430 1772 noster.
469 1719 562 1772 Ludos
576 1720 743 1788 spectaverit
756 1735 813 1773 una
824 1737 831 1783 3

191 1800 299 1854 Luserit
311 1799 340 1853 in
354 1802 462 1871 Campo
474 1821 481 1866 ;
501 1803 641 1856 Fortunae
655 1803 736 1869 filius,
749 1817 854 1856 omnes.

189 1882 319 1951 Frigidus
333 1901 351 1936 a
363 1885 472 1938 Rostris
485 1895 582 1938 manat
594 1903 643 1955 per
656 1885 779 1954 compita
791 1901 902 1938 rumor:

190 1965 355 2036 Quicunque
368 1968 466 2020 obvius
479 1977 530 2035 est,
542 1985 588 2022 me
601 1969 720 2023 consulit
733 1989 739 2033 ;
762 1970 787 2022 Ο
800 1969 882 2034 bone,
897 1966 974 2036 (nam
988 1975 1015 2019 te

190 2048 275 2115 Scire,
289 2050 366 2101 Deos
379 2050 512 2118 quoniam
525 2051 639 2121 propius
652 2052 800 2120 contingis,
814 2059 924 2120 oportet
935 2050 954 2118 :l

191 2131 337 2199 Numquid
349 2131 384 2184 de
399 2133 486 2186 Dacis
499 2133 622 2187 audisti?
661 2134 709 2187 Nil
723 2133 860 2203 equidem.
901 2133 940 2186 Ut
952 2143 982 2185 tu

190 2213 306 2282 Semper
318 2213 372 2266 eris
385 2213 491 2267 derisor
504 2217 510 2268 l
548 2217 586 2269 At
599 2233 696 2269 omnes
711 2216 749 2268 Di
762 2217 903 2284 exagitent
915 2231 969 2280 me,

189 2295 221 2350 Si
234 2295 393 2364 quidquam
432 2295 527 2364 Quid?
546 2297 681 2352 militibus
694 2298 832 2366 promissa
844 2297 993 2365 Triquetra

190 2377 309 2432 Praedia
323 2379 434 2445 Caesar,
448 2395 484 2431 an
497 2388 539 2433 est
553 2380 626 2434 Itala
638 2381 735 2435 tellure
747 2381 884 2434 daturus?

188 2462 333 2530 Jurantem
345 2478 391 2515 me
404 2461 474 2515 scire
487 2462 556 2515 nihil
568 2463 705 2517 mirantur
717 2472 747 2516 ut
759 2479 846 2516 unum

190 2544 303 2598 Scilicet
314 2545 417 2613 egregii
430 2545 577 2598 mortalem
591 2545 695 2620 altique
708 2545 808 2598 silenti.

190 2627 319 2682 Perditur
329 2629 399 2682 haec
413 2628 485 2682 inter
496 2629 599 2682 misero
612 2628 667 2695 lux,
680 2645 737 2681 non
750 2628 811 2681 sine
823 2627 895 2680 votis
908 2646 914 2680 ε

191 2712 215 2764 O
229 2728 275 2765 rus
288 2711 401 2780 quando
413 2728 466 2780 ego
479 2721 507 2765 te
520 2712 696 2780 adspiciam?
716 2711 883 2780 quandoque
896 2711 1000 2776 licebit,

191 2794 218 2845 N
221 2810 275 2848 unc
287 2801 413 2847 veterum
425 2795 512 2862 libris,
524 2812 598 2848 nunc
612 2811 711 2848 somno
724 2803 752 2847 et
764 2793 898 2848 inertibus
911 2793 987 2846 horis

191 2878 301 2931 Ducere
314 2877 448 2931 sollicitae
458 2878 585 2946 jucunda
597 2878 701 2931 oblivia
715 2877 810 2940 vitae?

191 2960 215 3013 Ο
230 2959 343 3029 quando
355 2958 422 3013 saba
435 2961 610 3029 Pythagorae
624 2970 752 3030 cognata,
766 2960 903 3029 simulque

192 3043 288 3097 Uncta
300 3042 368 3096 satis
380 3042 477 3112 pingui
490 3053 629 3113 ponentur
641 3044 767 3096 oluscula
778 3043 857 3096 lardo

191 3127 216 3180 O
229 3135 325 3180 noctes
339 3143 499 3196 coenaeque
511 3126 613 3180 deum!
634 3126 734 3195 quibus
748 3126 808 3195 ipse
820 3125 939 3195 meique,

189 3212 264 3264 Ante
278 3212 376 3264 Larem
389 3210 532 3280 proprium
544 3226 650 3277 vescor,
663 3225 818 3278 vernasque
830 3225 962 3278 procaces

191 3295 280 3348 Pasco
292 3294 387 3348 libatis
400 3293 527 3362 dapibus.
566 3294 652 3346 Prout
665 3292 764 3362 cuique
777 3293 864 3346 libido
877 3301 928 3360 est,

192 3378 285 3432 Siccat
298 3378 458 3448 inaequales
471 3377 572 3432 calices
587 3377 705 3430 conviva
718 3376 824 3430 solutus

192 3461 312 3531 Legibus
325 3461 431 3516 insanis
443 3479 450 3526 ;
470 3477 518 3515 seu
531 3460 594 3530 quis
607 3459 682 3528 capit
695 3459 770 3513 acria
782 3458 860 3513 fortis
