2792 4168
624 451 754 494 HORATII
782 451 955 494 CARMINUM

502 578 664 634 Descendat
677 580 706 632 in
721 582 860 650 Campum
872 580 974 650 petitor
985 599 992 643 ;

537 662 664 716 Moribus
677 663 723 717 hic
735 663 888 734 meliorque
900 663 976 717 sama
1012 691 1014 696 Α

468 821 626 876 Contendat
637 840 645 886 ;
664 820 703 874 illi
715 821 799 874 turba
810 819 954 873 clientium

466 906 509 959 Sit
522 905 618 974 major.
655 905 754 974 Aequa
765 904 827 973 lege
841 903 1004 957 Necessitas

502 988 622 1042 Sortitur
635 987 760 1056 insignes
772 996 800 1041 et
813 987 885 1040 imos
899 1006 905 1048 ;

537 1073 629 1126 Omne
642 1087 732 1140 capax
744 1078 838 1123 movet
850 1087 921 1123 urna
933 1086 1042 1123 nornen.

469 1227 626 1281 Destrictus
640 1226 715 1280 ensis
729 1226 773 1279 cui
786 1243 870 1295 super
882 1226 969 1296 impia

469 1311 584 1365 Cervice
596 1309 708 1380 pendet,
720 1326 777 1362 non
791 1309 902 1363 Siculae
914 1310 1001 1379 dapes

504 1395 624 1447 Dulcem
636 1392 821 1446 elaborabunt
834 1409 971 1462 saporem,

539 1477 605 1529 Non
618 1474 712 1528 avium
725 1475 905 1545 citharaeque
917 1483 1016 1528 cantus

469 1617 607 1684 Somnum
619 1628 759 1683 reducent.
798 1631 920 1684 Somnus
933 1628 1084 1698 agrestium

470 1714 552 1767 Lenis
565 1713 688 1766 virorum
700 1728 757 1766 non
770 1712 890 1766 humiles
903 1713 1003 1766 domos

505 1795 634 1863 Fastidit,
647 1796 866 1866 umbrosamque
878 1796 977 1866 ripam,

542 1881 608 1932 Non
621 1879 753 1948 Zephyris
766 1879 873 1948 agitata
885 1877 1002 1948 Tempe.

472 2035 687 2090 Desiderantem
700 2035 775 2106 quod
789 2037 857 2090 satis
869 2046 912 2091 est
925 2052 1016 2106 neque

470 2121 687 2173 Tumultuosum
700 2119 831 2174 sollicitat
843 2135 929 2186 mare,

508 2204 569 2256 Nec
583 2220 682 2257 saevus
695 2203 806 2257 Arcturi
819 2203 946 2257 cadentis

543 2287 668 2355 Impetus
682 2291 730 2340 aut
743 2287 857 2342 orientis
872 2285 974 2352 Haedi,

474 2445 540 2496 Non
553 2445 716 2498 verberatae
728 2444 864 2513 grandine
876 2444 975 2498 vineae

474 2526 645 2597 Fundusque
656 2527 786 2595 mendax,
800 2528 899 2581 arbore
911 2544 986 2582 nunc
1000 2542 1087 2596 aquas

510 2610 656 2679 Culpante,
669 2627 744 2664 nunc
756 2611 892 2665 torrentia
904 2627 987 2680 agros

544 2693 652 2760 Sidera,
663 2710 738 2747 nunc
751 2693 858 2748 hiemes
871 2693 990 2763 iniquas.

476 2840 629 2891 Contracta
640 2837 732 2908 pisces
745 2854 868 2908 aequora
882 2837 1006 2891 sentiunt

473 2921 561 2990 Jactis
577 2921 605 2974 in
619 2921 707 2975 altum
719 2921 840 2974 molibus
852 2941 859 2986 ;
877 2921 932 2975 huc
945 2919 1074 2991 frequens

511 3005 664 3058 Caementa
676 3003 798 3058 demittit
810 3003 970 3074 redemptor

546 3089 618 3141 Cum
630 3087 753 3154 famulis
765 3087 952 3157 dominusque
965 3095 1053 3140 terrae

477 3233 500 3285 F
502 3231 660 3287 astidiosus.
699 3232 757 3287 Sed
768 3232 866 3287 Timor
878 3241 906 3286 et
920 3231 1016 3284 Minae

477 3314 623 3368 Scandunt
636 3315 736 3369 eodem
748 3332 804 3385 quo
816 3315 947 3368 dominus
959 3332 966 3378 ;
984 3330 1074 3384 neque

513 3396 633 3450 Decedit
645 3408 742 3451 aerata
753 3397 868 3464 triremi,
881 3405 909 3450 et

549 3480 616 3533 Post
629 3479 751 3550 equitem
765 3480 844 3535 sedet
857 3488 918 3533 atra
932 3480 1013 3534 Cura.
