2804 4176
329 455 389 526 248
561 468 692 511 uorum
717 467 935 512 amsromruu

345 598 392 653 Sic
405 615 467 668 ege,
479 597 594 666 majoris
606 597 716 667 fugiens
729 598 880 667 opprobria
892 597 999 668 culpae,

345 682 458 737 Frontis
471 682 508 736 ad
520 682 644 736 urbanae
656 681 789 736 descendi
801 680 934 751 praemia.
975 680 1083 751 Quodsi

345 765 513 836 Depositum
526 765 624 819 laudas
637 765 674 818 ob
687 764 770 817 amici
780 764 861 833 jussa
872 764 1017 833 pudorem,

345 849 443 903 Scribe
455 849 495 903 tui
508 849 600 919 gregis
612 849 696 915 hunc,
709 856 737 901 et
749 846 849 901 sortem
862 846 944 901 crede
956 847 1127 917 bonumque.

588 2161 697 2204 ‘rourum
711 2173 802 2204 oucaau
815 2164 911 2205 ruriam!

601 2336 826 2390 EPISTOLA
855 2337 889 2390 X

561 2482 605 2524 An
625 2481 750 2524 ruscum
768 2481 932 2524 amsrruu.

346 2606 443 2658 URBls
456 2613 610 2657 amatorem
624 2603 748 2656 Fuscum
761 2603 866 2656 salvere
875 2602 1007 2671 jubemus

344 2686 427 2740 Ruris
440 2695 589 2754 amatores,
601 2686 656 2739 hac
668 2684 698 2738 in
710 2702 740 2738 re
753 2685 859 2739 scilicet
871 2702 927 2739 una

344 2769 467 2823 Multum
479 2768 639 2844 dissimiles
652 2777 682 2821 at
695 2777 788 2821 cetera
799 2784 889 2836 paene
902 2770 1021 2838 gemelli,

344 2851 485 2907 Fraternis
499 2851 600 2904 animis
614 2850 750 2921 quidquid
762 2859 847 2920 negat
860 2851 937 2919 alter,
951 2861 978 2906 et
992 2853 1068 2919 alter,

341 2934 499 2988 Annuimus
512 2934 616 3004 pariter
628 2933 713 2987 vetuli
726 2933 987 3003 notique'columbi.
1057 2964 1059 2969 ·

341 3019 386 3072 Tu
398 3017 497 3071 nidum
510 3032 613 3083 servas,
626 3032 679 3085 ego
691 3016 776 3070 laudo
789 3016 860 3070 ruris
874 3018 985 3071 amoeni

342 3102 438 3168 Rivos‚
451 3109 479 3155 et
492 3115 590 3154 musco
603 3098 759 3153 circumlita
771 3115 847 3166 saxa,
859 3115 1021 3171 nemusque.

343 3185 418 3254 Quid
432 3183 562 3253 quaeris?
599 3182 671 3236 Vivo
684 3192 712 3237 et
723 3199 819 3252 regno,
832 3183 916 3237 simul
928 3183 982 3238 ista
994 3185 1101 3255 reliqui,

343 3271 422 3339 Quae
434 3285 484 3322 vos
497 3268 534 3322 ad
546 3268 655 3322 caelum
668 3267 745 3322 fertis
757 3285 868 3323 rumore
881 3270 1004 3324 secundo
1016 3289 1022 3325 :

343 3354 439 3421 thue
452 3351 605 3405 sacerdotis
617 3351 759 3420 fugitivus,
771 3351 830 3405 liba
841 3368 941 3406 recuso
955 3373 961 3418 ;

342 3436 419 3488 Pane
431 3450 501 3502 egeo
510 3433 571 3503 jam
583 3434 696 3488 mellitis
709 3435 816 3503 potiore
828 3435 972 3504 placentis.

341 3517 441 3570 Vivere
453 3524 571 3570 naturae
583 3516 607 3570 si
620 3516 819 3571 convenienter
831 3527 949 3585 oportet,
