2792 4168
593 447 725 492 HORATH
747 447 920 492 CARMINUM

610 743 798 798 CARMEN
830 742 915 796 XVl.

613 888 657 930 AD
676 887 899 931 MAECENATEM.

441 1011 603 1071 luctussn
617 1018 737 1071 Danaen
749 1016 831 1071 turris
844 1021 940 1082 aenea,

440 1097 639 1169 Robustaeque
650 1099 732 1166 sores,
746 1108 773 1153 et
785 1099 901 1168 vigilum
913 1114 1016 1152 canum

440 1179 546 1235 Tristes
559 1181 692 1236 excubiae
704 1182 862 1236 munierant
875 1181 943 1236 satis

512 1263 665 1319 Nocturnis
677 1266 714 1319 ab
727 1265 878 1329 adulteris;
964 1272 969 1280 '

442 1385 472 1439 Si
484 1402 542 1439 non
553 1385 701 1453 Acrisium,
713 1385 829 1455 virginis
841 1384 955 1439 abditae

442 1468 595 1522 Custodem
605 1469 746 1539 pavidum,
759 1468 885 1539 Juppiter
897 1477 925 1522 et
936 1469 1032 1522 Venus

442 1551 599 1617 Risissent;
617 1551 676 1606 fore
688 1552 763 1606 enim
775 1561 867 1606 tutum
879 1550 931 1604 iter
943 1559 971 1604 et
983 1557 1082 1620 patens

513 1635 655 1690 Converso
668 1635 697 1688 in
709 1634 830 1705 pretium
843 1637 913 1689 Deo.

440 1757 549 1811 Aurum
560 1774 609 1826 per
621 1757 729 1811 medios
741 1757 781 1812 ire
794 1756 935 1824 satellites,

442 1841 481 1893 Et
492 1856 670 1909 perrumpere
682 1849 759 1894 amat
772 1857 847 1908 saxa,
859 1839 1000 1910 potentius

443 1922 505 1976 lctu
517 1921 658 1976 suhnineo.
696 1921 826 1977 Concidit
838 1921 950 1992 auguris

512 2005 609 2074 Argivi
622 2005 722 2060 domus
735 2007 772 2060 ob
784 2006 892 2060 lucrum

444 2129 582 2182 Demersa
593 2127 685 2182 exitio.
723 2128 957 2183 Diffiditurbium
1056 2191 1058 2196 ,

444 2212 543 2265 Portas
555 2210 598 2264 vir
611 2211 740 2280 Macedo,
753 2221 781 2266 et
793 2210 902 2267 subruit
914 2212 1039 2266 aemulos

444 2295 536 2364 Reges
548 2293 718 2348 muneribus.
756 2296 876 2349 Munera
887 2295 1001 2349 navium

515 2378 620 2433 Saevos
633 2377 784 2449 illaqueant
796 2377 889 2432 duces.

445 2497 623 2551 Crescentem
636 2497 761 2568 sequitur
772 2513 839 2552 cura
850 2496 1007 2566 pecuniam,

445 2580 641 2651 Majorumque
653 2579 749 2634 fames.
786 2582 851 2649 Jure
863 2580 1006 2649 perhorrui

446 2668 515 2721 Late
527 2667 709 2737 conspicuum
722 2667 818 2721 tollere
830 2667 972 2734 verticem,

517 2750 677 2817 Maecenas,
690 2749 814 2820 equitum
827 2749 921 2803 decus.

446 2870 559 2939 Quanto
572 2869 689 2940 quisque
701 2868 755 2923 sibi
767 2869 847 2938 plura
858 2866 1010 2938 negaverit,

443 2953 490 3007 Ab
505 2951 557 3005 Dis
569 2953 649 3022 plura
661 2951 737 3006 leret
776 2950 825 3004 Nil
838 2951 1009 3020 cupientium

446 3034 547 3089 Nudus
560 3042 653 3088 castra
664 3042 737 3103 peto,
750 3042 778 3089 et
790 3033 935 3104 transfuga
947 3033 1064 3090 divitum

516 3119 613 3171 Partes
625 3117 750 3188 linquere
762 3117 861 3187 gestio,
953 3187 955 3191 Ι

447 3237 632 3306 contemptae
645 3236 775 3291 dominus
788 3236 960 3307 splendidior
972 3242 1021 3303 re'1',

447 3321 540 3390 Quam
553 3321 575 3373 si
588 3319 725 3391 quidquid
736 3328 797 3374 arat
809 3319 928 3390 impiger
938 3320 1046 3389 Apulus

447 3402 595 3457 Occultare
607 3402 677 3456 meis
690 3403 797 3457 dicerer
808 3401 922 3469 horreis,

516 3486 637 3554 Magnas
650 3484 722 3539 inter
734 3501 802 3555 opes
815 3485 905 3554 inops.
956 3531 961 3540 .
