2748 4138
490 448 548 492 Ans
573 448 713 491 roraret.
966 450 1021 506 2'91

208 576 264 630 Aut
277 575 395 630 nimium
407 575 509 630 teneris
520 577 687 645 juvenentur
699 575 824 630 versibus
838 591 963 645 unquam
975 595 981 640 ;
1041 581 1042 586 ’

207 661 265 713 Aut
277 659 423 713 immunda
435 667 550 728 crepent
563 659 804 729 ignominiosaque
816 659 910 713 dicta:

208 741 395 796 Offenduntur
407 741 482 794 enim
495 742 595 810 quibus
608 751 651 795 est
664 758 759 812 equus
773 750 800 794 et
813 750 900 811 pater,
915 751 943 796 et
955 759 1000 796 res
1013 762 1019 806 ;

208 826 236 876 N
239 841 279 892 ec,
292 824 316 878 si
329 824 396 894 quid
408 824 483 877 fricti
497 824 593 878 ciceris
606 826 707 893 probat
720 834 748 878 et
760 824 839 878 nucis
852 834 971 894 emptor,

206 907 312 976 Aequis
325 906 467 976 accipiunt
480 907 590 974 animis,
604 907 746 961 donantve
758 923 869 961 corona.

209 990 323 1057 Syllaba
335 991 419 1059 longa
430 990 509 1044 brevi
522 990 649 1059 subjecta
661 999 776 1044 vocatur
789 990 908 1058 iambus,

189 1086 191 1094 ¹
209 1074 262 1126 Pes
275 1072 346 1126 citus
358 1092 364 1138 ;
383 1073 458 1127 unde
471 1072 556 1142 etiam
569 1073 701 1126 trimetris
715 1090 876 1128 accrescere
886 1074 969 1143 jussit

209 1157 322 1210 Nomen
335 1155 462 1224 iambeis,
475 1172 539 1209 curn
552 1172 635 1209 senos
648 1156 776 1210 redderet
789 1157 869 1224 ictus,

209 1237 318 1292 Primus
331 1239 368 1292 ad
381 1247 535 1292 extremum
548 1237 647 1291 similis
660 1238 722 1292 sibi.
761 1241 827 1293 Non
841 1239 882 1292 ita
894 1239 1012 1308 pridem,

208 1321 329 1375 Tardior
340 1330 371 1375 ut
383 1321 478 1390 paullo
491 1320 655 1390 graviorque
667 1321 773 1375 veniret
786 1321 822 1375 ad
835 1338 924 1388 aures,
1004 1345 1006 1348 ·

208 1404 354 1473 Spondeos
368 1404 482 1457 stabiles
496 1403 525 1456 in
535 1403 599 1472 jura
611 1413 728 1472 patema
740 1404 845 1473 recepit

134 1543 135 1548 χ
207 1487 379 1541 Commodus
392 1494 420 1540 et
431 1486 541 1557 patiens
553 1506 560 1551 ;
579 1503 636 1540 non
649 1495 679 1540 ut
692 1486 728 1540 de
741 1487 807 1540 sede
821 1487 945 1540 secunda

211 1569 330 1622 Cederet
344 1578 393 1623 aut
406 1578 506 1639 quarta
518 1569 673 1623 socialiter:
693 1569 739 1622 hic
752 1578 780 1623 et
792 1569 821 1622 in
833 1569 902 1623 Acci

207 1651 360 1706 Nobilibus
373 1651 505 1706 trimetris
521 1661 636 1722 apparet
649 1669 735 1720 raruS,
749 1661 777 1706 et
791 1652 866 1705 Enni

207 1737 240 1789 In
254 1751 368 1789 scenam
380 1735 482 1788 missos
496 1751 561 1788 cum
573 1752 676 1803 magno
688 1735 812 1804 pondere
824 1751 928 1801 versus,

206 1819 263 1871 Aut
276 1834 377 1887 operae
389 1817 486 1871 celeris
500 1817 618 1871 nimium
631 1834 752 1887 curaque
764 1818 893 1886 carentis,

203 1900 260 1953 Aut
273 1899 416 1968 ignoratae
429 1900 529 1969 premit
542 1899 609 1953 artis
623 1900 739 1954 crimine
752 1900 834 1969 turpi.

206 1984 273 2036 Non
286 1982 376 2051 quivis
388 1982 464 2036 videt
476 1982 659 2037 immodulata
670 1988 803 2052 poemata
812 1983 898 2052 judex
910 2003 916 2047 ;

205 2065 243 2116 Et
255 2061 324 2116 data
337 2064 472 2116 Romanis
485 2064 568 2117 venia
580 2073 622 2118 est
634 2065 753 2133 indigna
764 2065 862 2135 poetis.

207 2145 353 2199 idcircone
365 2163 450 2214 vager
463 2147 640 2216 scribamque
653 2147 789 2201 licenter?
825 2149 872 2200 An
885 2164 982 2201 omnes

203 2228 320 2281 Visuros
332 2237 449 2298 peccata
460 2237 557 2296 putem
571 2245 643 2296 mea,
655 2237 731 2282 tutus
744 2238 772 2283 et
783 2230 857 2282 intra

206 2313 292 2380 Spem
305 2311 404 2364 veniae
417 2311 536 2365 cautus?
572 2311 667 2364 Vitavi
679 2312 801 2382 denique
813 2313 933 2380 culpam,

205 2395 273 2447 Non
284 2393 397 2447 laudem
408 2393 503 2446 merui.
541 2395 599 2447 Vos
614 2394 785 2462 exemplaria
798 2395 908 2448 Graeca

206 2478 353 2530 Nocturna
365 2485 473 2529 versate
486 2493 580 2543 manu,
593 2485 702 2529 versate
715 2475 822 2528 diurna.

202 2561 240 2612 At
252 2558 337 2611 vestri
349 2558 446 2629 proavi
460 2558 603 2612 Plautinos
617 2568 644 2612 et
656 2575 788 2613 numeros
801 2568 829 2612 et

204 2642 365 2696 Laudavere
378 2641 451 2694 sales
463 2661 470 2706 ;
488 2641 607 2696 nimium
620 2642 758 2711 patienter
771 2652 926 2712 utrumque,

204 2726 250 2778 Ne
262 2723 356 2777 dicam
369 2725 460 2792 stulte,
473 2724 567 2778 mirati
578 2744 586 2789 ;
605 2725 629 2778 si
641 2724 727 2778 modo
741 2740 793 2794 ego
806 2734 834 2778 et
846 2742 896 2778 vos

203 2805 313 2860 Scimus
326 2805 493 2860 inurbanum
506 2806 599 2876 lepido
612 2817 746 2876 seponere
759 2807 843 2874 dicto,

203 2888 427 2958 Legitimumque
439 2905 540 2943 sonum
552 2889 647 2959 digitis
660 2891 793 2944 callemus
806 2901 834 2944 et
847 2907 920 2944 aure.

203 2973 336 3040 Ignotum
348 2972 470 3040 tragicae
482 2989 570 3041 genus
583 2973 723 3028 invenisse
736 2975 877 3028 Camenae

203 3055 321 3122 Dicitur,
335 3063 362 3108 et
375 3056 506 3124 plaustris
519 3057 627 3110 vexisse
639 3062 772 3126 poemata
783 3057 912 3127 Thespis,

109 3205 112 3212 Δ
202 3140 281 3208 Quae
294 3147 427 3192 canerent
440 3149 610 3209 agerentque
622 3141 749 3210 peruncti
762 3140 886 3195 faecibus
900 3159 955 3196 ora.

201 3223 269 3276 Post
281 3217 356 3275 hund
369 3238 505 3291 personae
517 3222 665 3292 pallaeque
677 3232 802 3292 repertor
813 3224 948 3279 honestae

200 3307 355 3376 Aeschylus
369 3316 396 3361 et
408 3306 527 3360 modicis
540 3306 668 3361 instravit
680 3308 789 3377 pulpita
801 3308 895 3378 tignis,

201 3391 239 3443 Et
251 3389 346 3444 docuit
358 3406 547 3458 magnumque
559 3390 645 3459 loqui,
658 3390 765 3460 nitique
778 3393 922 3446 cothurno.

206 3472 346 3528 Successit
358 3481 438 3526 vetus
450 3471 494 3526 his
507 3473 660 3541 comoedia,
673 3490 730 3528 non
743 3473 803 3529 sine
815 3476 904 3532 multa
982 3498 1018 3536 ,ει
