<?xml version="1.0" encoding="UTF-8"?>
<!DOCTYPE html PUBLIC "-//W3C//DTD XHTML 1.0 Transitional//EN"
    "http://www.w3.org/TR/xhtml1/DTD/xhtml1-transitional.dtd">
<html xmlns="http://www.w3.org/1999/xhtml" xml:lang="en" lang="en">
 <head>
  <title>
</title>
<meta http-equiv="Content-Type" content="text/html;charset=utf-8" />
  <meta name='ocr-system' content='tesseract 3.04.00' />
  <meta name='ocr-capabilities' content='ocr_page ocr_carea ocr_par ocr_line ocrx_word'/>
</head>
<body>
  <div class='ocr_page' id='page_1' title='image "./quintihoratiifl00milmgoog_0311.png"; bbox 0 0 2748 4138; ppageno 0'>
   <div class='ocr_carea' id='block_1_1' title="bbox 353 403 840 464">
    <p class='ocr_par' dir='ltr' id='par_1_1' title="bbox 353 403 840 464">
     <span class='ocr_line' id='line_1_1' title="bbox 353 403 840 464; baseline 0.004 -2"><span class='ocrx_word' id='word_1_1' title='bbox 353 403 412 462; x_wconf 87' lang='lat'>288</span> <span class='ocrx_word' id='word_1_2' title='bbox 709 421 840 464; x_wconf 74' lang='lat' dir='ltr'>ironam</span> 
     </span>
    </p>
   </div>
   <div class='ocr_carea' id='block_1_2' title="bbox 372 549 1175 2943">
    <p class='ocr_par' dir='ltr' id='par_1_2' title="bbox 380 549 1174 1534">
     <span class='ocr_line' id='line_1_2' title="bbox 385 549 1034 621; baseline 0.006 -17"><span class='ocrx_word' id='word_1_3' title='bbox 385 549 502 617; x_wconf 91' lang='lat' dir='ltr'>Sessuri‚</span> <span class='ocrx_word' id='word_1_4' title='bbox 515 549 605 604; x_wconf 89' lang='lat' dir='ltr'>donec</span> <span class='ocrx_word' id='word_1_5' title='bbox 618 559 723 619; x_wconf 89' lang='lat' dir='ltr'>cantor,</span> <span class='ocrx_word' id='word_1_6' title='bbox 735 551 793 605; x_wconf 93' lang='lat' dir='ltr'>Vos</span> <span class='ocrx_word' id='word_1_7' title='bbox 805 551 938 621; x_wconf 87' lang='lat' dir='ltr'>plaudite,</span> <span class='ocrx_word' id='word_1_8' title='bbox 950 553 1034 620; x_wconf 91' lang='lat' dir='ltr'>dieat,</span> 
     </span>
     <span class='ocr_line' id='line_1_3' title="bbox 384 632 1020 703; baseline 0.006 -17"><span class='ocrx_word' id='word_1_9' title='bbox 384 632 492 686; x_wconf 90' lang='lat' dir='ltr'>Aetatis</span> <span class='ocrx_word' id='word_1_10' title='bbox 505 632 639 702; x_wconf 88' lang='lat' dir='ltr'>cujusque</span> <span class='ocrx_word' id='word_1_11' title='bbox 650 634 768 688; x_wconf 89' lang='lat' dir='ltr'>notandi</span> <span class='ocrx_word' id='word_1_12' title='bbox 780 644 845 689; x_wconf 92' lang='lat' dir='ltr'>sunt</span> <span class='ocrx_word' id='word_1_13' title='bbox 857 634 907 689; x_wconf 91' lang='lat' dir='ltr'>tibi</span> <span class='ocrx_word' id='word_1_14' title='bbox 920 652 1020 703; x_wconf 89' lang='lat' dir='ltr'>mores,</span> 
     </span>
     <span class='ocr_line' id='line_1_4' title="bbox 384 715 1072 785; baseline 0.006 -17"><span class='ocrx_word' id='word_1_15' title='bbox 384 715 593 785; x_wconf 88' lang='lat' dir='ltr'>Mobilibusque</span> <span class='ocrx_word' id='word_1_16' title='bbox 605 716 690 770; x_wconf 90' lang='lat' dir='ltr'>decor</span> <span class='ocrx_word' id='word_1_17' title='bbox 701 718 808 772; x_wconf 89' lang='lat' dir='ltr'>naturis</span> <span class='ocrx_word' id='word_1_18' title='bbox 821 718 931 773; x_wconf 92' lang='lat' dir='ltr'>dandus</span> <span class='ocrx_word' id='word_1_19' title='bbox 944 728 971 774; x_wconf 93' lang='lat' dir='ltr'>et</span> <span class='ocrx_word' id='word_1_20' title='bbox 984 722 1072 773; x_wconf 90' lang='lat' dir='ltr'>annis.</span> 
     </span>
     <span class='ocr_line' id='line_1_5' title="bbox 383 797 1103 871; baseline 0.01 -21"><span class='ocrx_word' id='word_1_21' title='bbox 383 797 511 852; x_wconf 88' lang='lat' dir='ltr'>Reddere</span> <span class='ocrx_word' id='word_1_22' title='bbox 523 798 571 868; x_wconf 93' lang='lat' dir='ltr'>qui</span> <span class='ocrx_word' id='word_1_23' title='bbox 583 815 666 852; x_wconf 91' lang='lat' dir='ltr'>voces</span> <span class='ocrx_word' id='word_1_24' title='bbox 675 799 736 868; x_wconf 89' lang='lat' dir='ltr'>jam</span> <span class='ocrx_word' id='word_1_25' title='bbox 750 799 802 854; x_wconf 91' lang='lat' dir='ltr'>seit</span> <span class='ocrx_word' id='word_1_26' title='bbox 815 817 891 869; x_wconf 91' lang='lat' dir='ltr'>puer,</span> <span class='ocrx_word' id='word_1_27' title='bbox 904 811 931 856; x_wconf 93' lang='lat' dir='ltr'>et</span> <span class='ocrx_word' id='word_1_28' title='bbox 944 803 1015 871; x_wconf 90' lang='lat' dir='ltr'>pede</span> <span class='ocrx_word' id='word_1_29' title='bbox 1027 812 1103 857; x_wconf 92' lang='lat' dir='ltr'>certo</span> 
     </span>
     <span class='ocr_line' id='line_1_6' title="bbox 383 881 1124 952; baseline 0.007 -17"><span class='ocrx_word' id='word_1_30' title='bbox 383 881 482 950; x_wconf 86' lang='lat' dir='ltr'>Signat</span> <span class='ocrx_word' id='word_1_31' title='bbox 494 881 619 948; x_wconf 88' lang='lat' dir='ltr'>humum,</span> <span class='ocrx_word' id='word_1_32' title='bbox 632 881 716 950; x_wconf 88' lang='lat' dir='ltr'>gestit</span> <span class='ocrx_word' id='word_1_33' title='bbox 728 883 842 950; x_wconf 89' lang='lat' dir='ltr'>paribus</span> <span class='ocrx_word' id='word_1_34' title='bbox 856 883 1003 952; x_wconf 89' lang='lat' dir='ltr'>colludere,</span> <span class='ocrx_word' id='word_1_35' title='bbox 1016 895 1044 939; x_wconf 90' lang='lat' dir='ltr'>et</span> <span class='ocrx_word' id='word_1_36' title='bbox 1054 886 1124 940; x_wconf 91' lang='lat' dir='ltr'>iram</span> 
     </span>
     <span class='ocr_line' id='line_1_7' title="bbox 383 964 1079 1035; baseline 0.006 -17"><span class='ocrx_word' id='word_1_37' title='bbox 383 964 494 1034; x_wconf 87' lang='lat' dir='ltr'>Colligit</span> <span class='ocrx_word' id='word_1_38' title='bbox 506 981 539 1018; x_wconf 91' lang='lat' dir='ltr'>ac</span> <span class='ocrx_word' id='word_1_39' title='bbox 552 965 631 1035; x_wconf 91' lang='lat' dir='ltr'>ponit</span> <span class='ocrx_word' id='word_1_40' title='bbox 644 973 755 1026; x_wconf 89' lang='lat' dir='ltr'>temere,</span> <span class='ocrx_word' id='word_1_41' title='bbox 770 974 797 1019; x_wconf 94' lang='lat' dir='ltr'>et</span> <span class='ocrx_word' id='word_1_42' title='bbox 810 975 933 1021; x_wconf 90' lang='lat' dir='ltr'>mutatur</span> <span class='ocrx_word' id='word_1_43' title='bbox 946 968 974 1020; x_wconf 94' lang='lat' dir='ltr'>in</span> <span class='ocrx_word' id='word_1_44' title='bbox 986 968 1079 1022; x_wconf 90' lang='lat' dir='ltr'>horas.</span> 
     </span>
     <span class='ocr_line' id='line_1_8' title="bbox 383 1047 1041 1118; baseline 0.006 -17"><span class='ocrx_word' id='word_1_45' title='bbox 383 1048 528 1101; x_wconf 91' lang='lat' dir='ltr'>Imberbus</span> <span class='ocrx_word' id='word_1_46' title='bbox 538 1047 657 1116; x_wconf 89' lang='lat' dir='ltr'>juvenis,</span> <span class='ocrx_word' id='word_1_47' title='bbox 670 1047 784 1102; x_wconf 89' lang='lat' dir='ltr'>tandem</span> <span class='ocrx_word' id='word_1_48' title='bbox 797 1049 912 1103; x_wconf 89' lang='lat' dir='ltr'>custode</span> <span class='ocrx_word' id='word_1_49' title='bbox 924 1060 1041 1118; x_wconf 90' lang='lat' dir='ltr'>remoto,</span> 
     </span>
     <span class='ocr_line' id='line_1_9' title="bbox 382 1130 1174 1204; baseline 0.005 -19"><span class='ocrx_word' id='word_1_50' title='bbox 382 1131 494 1185; x_wconf 88' lang='lat' dir='ltr'>Gaudet</span> <span class='ocrx_word' id='word_1_51' title='bbox 506 1131 584 1200; x_wconf 90' lang='lat' dir='ltr'>equis</span> <span class='ocrx_word' id='word_1_52' title='bbox 597 1130 770 1201; x_wconf 87' lang='lat' dir='ltr'>canibusque</span> <span class='ocrx_word' id='word_1_53' title='bbox 782 1139 810 1184; x_wconf 90' lang='lat' dir='ltr'>et</span> <span class='ocrx_word' id='word_1_54' title='bbox 823 1132 908 1201; x_wconf 89' lang='lat' dir='ltr'>aprici</span> <span class='ocrx_word' id='word_1_55' title='bbox 922 1133 1049 1202; x_wconf 80' lang='lat' dir='ltr'>gramine</span> <span class='ocrx_word' id='word_1_56' title='bbox 1061 1135 1155 1204; x_wconf 91' lang='lat' dir='ltr'>campi</span> <span class='ocrx_word' id='word_1_57' title='bbox 1167 1155 1174 1199; x_wconf 88' lang='lat'>;</span> 
     </span>
     <span class='ocr_line' id='line_1_10' title="bbox 381 1213 1041 1285; baseline 0.005 -18"><span class='ocrx_word' id='word_1_58' title='bbox 381 1215 484 1268; x_wconf 89' lang='lat' dir='ltr'>Cereus</span> <span class='ocrx_word' id='word_1_59' title='bbox 497 1213 526 1266; x_wconf 89' lang='lat' dir='ltr'>in</span> <span class='ocrx_word' id='word_1_60' title='bbox 539 1213 638 1267; x_wconf 91' lang='lat' dir='ltr'>vitium</span> <span class='ocrx_word' id='word_1_61' title='bbox 649 1213 731 1281; x_wconf 89' lang='lat' dir='ltr'>flecti,</span> <span class='ocrx_word' id='word_1_62' title='bbox 744 1214 929 1269; x_wconf 89' lang='lat' dir='ltr'>monitoribus</span> <span class='ocrx_word' id='word_1_63' title='bbox 941 1233 1041 1285; x_wconf 83' lang='lat' dir='ltr'>asper3</span> 
     </span>
     <span class='ocr_line' id='line_1_11' title="bbox 380 1297 993 1367; baseline 0.005 -17"><span class='ocrx_word' id='word_1_64' title='bbox 380 1297 501 1352; x_wconf 91' lang='lat' dir='ltr'>Utilium</span> <span class='ocrx_word' id='word_1_65' title='bbox 513 1297 609 1351; x_wconf 92' lang='lat' dir='ltr'>tardus</span> <span class='ocrx_word' id='word_1_66' title='bbox 621 1297 754 1367; x_wconf 89' lang='lat' dir='ltr'>provisor,</span> <span class='ocrx_word' id='word_1_67' title='bbox 767 1297 900 1367; x_wconf 85' lang='lat' dir='ltr'>prodigus</span> <span class='ocrx_word' id='word_1_68' title='bbox 913 1298 993 1366; x_wconf 90' lang='lat' dir='ltr'>aeris,</span> 
     </span>
     <span class='ocr_line' id='line_1_12' title="bbox 381 1379 1146 1451; baseline 0.001 -16"><span class='ocrx_word' id='word_1_69' title='bbox 381 1380 522 1447; x_wconf 84' lang='lat' dir='ltr'>Sublimis,</span> <span class='ocrx_word' id='word_1_70' title='bbox 535 1379 715 1449; x_wconf 86' lang='lat' dir='ltr'>cupidusque,</span> <span class='ocrx_word' id='word_1_71' title='bbox 728 1389 756 1434; x_wconf 91' lang='lat' dir='ltr'>et</span> <span class='ocrx_word' id='word_1_72' title='bbox 769 1390 864 1435; x_wconf 92' lang='lat' dir='ltr'>amata</span> <span class='ocrx_word' id='word_1_73' title='bbox 875 1381 1030 1451; x_wconf 88' lang='lat' dir='ltr'>relinquere</span> <span class='ocrx_word' id='word_1_74' title='bbox 1043 1383 1146 1451; x_wconf 90' lang='lat' dir='ltr'>pernix.</span> 
     </span>
     <span class='ocr_line' id='line_1_13' title="bbox 381 1462 1016 1534; baseline 0.002 -17"><span class='ocrx_word' id='word_1_75' title='bbox 381 1463 528 1518; x_wconf 79' lang='lat' dir='ltr'>Conversis</span> <span class='ocrx_word' id='word_1_76' title='bbox 541 1462 648 1530; x_wconf 89' lang='lat' dir='ltr'>studiis,</span> <span class='ocrx_word' id='word_1_77' title='bbox 661 1470 739 1516; x_wconf 88' lang='lat' dir='ltr'>aetas</span> <span class='ocrx_word' id='word_1_78' title='bbox 752 1463 917 1534; x_wconf 90' lang='lat' dir='ltr'>animusque</span> <span class='ocrx_word' id='word_1_79' title='bbox 929 1464 1016 1518; x_wconf 90' lang='lat' dir='ltr'>virilis</span> 
     </span>
    </p>

    <p class='ocr_par' dir='ltr' id='par_1_3' title="bbox 376 1545 1175 2113">
     <span class='ocr_line' id='line_1_14' title="bbox 380 1545 1030 1616; baseline 0.002 -16"><span class='ocrx_word' id='word_1_80' title='bbox 380 1547 495 1616; x_wconf 85' lang='lat' dir='ltr'>Quaerit</span> <span class='ocrx_word' id='word_1_81' title='bbox 507 1563 574 1615; x_wconf 90' lang='lat' dir='ltr'>opes</span> <span class='ocrx_word' id='word_1_82' title='bbox 587 1555 615 1600; x_wconf 89' lang='lat' dir='ltr'>et</span> <span class='ocrx_word' id='word_1_83' title='bbox 626 1545 771 1607; x_wconf 87' lang='lat' dir='ltr'>amicitias,</span> <span class='ocrx_word' id='word_1_84' title='bbox 788 1546 901 1600; x_wconf 91' lang='lat' dir='ltr'>inservit</span> <span class='ocrx_word' id='word_1_85' title='bbox 913 1547 1011 1601; x_wconf 90' lang='lat' dir='ltr'>honori</span> <span class='ocrx_word' id='word_1_86' title='bbox 1024 1567 1030 1610; x_wconf 86' lang='lat'><strong>;</strong></span> 
     </span>
     <span class='ocr_line' id='line_1_15' title="bbox 380 1629 1067 1698; baseline 0 -14"><span class='ocrx_word' id='word_1_87' title='bbox 380 1629 561 1684; x_wconf 91' lang='lat' dir='ltr'>Commisisse</span> <span class='ocrx_word' id='word_1_88' title='bbox 574 1637 654 1682; x_wconf 89' lang='lat' dir='ltr'>cavet</span> <span class='ocrx_word' id='word_1_89' title='bbox 667 1629 742 1698; x_wconf 94' lang='lat' dir='ltr'>quod</span> <span class='ocrx_word' id='word_1_90' title='bbox 755 1647 820 1683; x_wconf 91' lang='lat' dir='ltr'>mox</span> <span class='ocrx_word' id='word_1_91' title='bbox 832 1638 941 1684; x_wconf 91' lang='lat' dir='ltr'>mutare</span> <span class='ocrx_word' id='word_1_92' title='bbox 953 1631 1067 1684; x_wconf 86' lang='lat' dir='ltr'>laboret.</span> 
     </span>
     <span class='ocr_line' id='line_1_16' title="bbox 379 1711 1175 1783; baseline 0.004 -18"><span class='ocrx_word' id='word_1_93' title='bbox 379 1712 472 1766; x_wconf 91' lang='lat' dir='ltr'>Multa</span> <span class='ocrx_word' id='word_1_94' title='bbox 484 1728 580 1764; x_wconf 89' lang='lat' dir='ltr'>senem</span> <span class='ocrx_word' id='word_1_95' title='bbox 594 1711 814 1765; x_wconf 88' lang='lat' dir='ltr'>circumveniunt</span> <span class='ocrx_word' id='word_1_96' title='bbox 827 1712 1023 1777; x_wconf 88' lang='lat' dir='ltr'>incommoda;</span> <span class='ocrx_word' id='word_1_97' title='bbox 1042 1713 1085 1766; x_wconf 92' lang='lat' dir='ltr'>vel</span> <span class='ocrx_word' id='word_1_98' title='bbox 1098 1715 1175 1783; x_wconf 92' lang='lat' dir='ltr'>quod</span> 
     </span>
     <span class='ocr_line' id='line_1_17' title="bbox 379 1793 1124 1864; baseline 0.004 -17"><span class='ocrx_word' id='word_1_99' title='bbox 379 1793 502 1864; x_wconf 86' lang='lat' dir='ltr'>Quaerit,</span> <span class='ocrx_word' id='word_1_100' title='bbox 516 1803 543 1847; x_wconf 90' lang='lat' dir='ltr'>et</span> <span class='ocrx_word' id='word_1_101' title='bbox 555 1793 675 1846; x_wconf 89' lang='lat' dir='ltr'>inventis</span> <span class='ocrx_word' id='word_1_102' title='bbox 688 1794 773 1847; x_wconf 92' lang='lat' dir='ltr'>miser</span> <span class='ocrx_word' id='word_1_103' title='bbox 784 1795 914 1863; x_wconf 88' lang='lat' dir='ltr'>abstinet,</span> <span class='ocrx_word' id='word_1_104' title='bbox 927 1812 960 1849; x_wconf 88' lang='lat' dir='ltr'>ac</span> <span class='ocrx_word' id='word_1_105' title='bbox 973 1795 1053 1850; x_wconf 89' lang='lat' dir='ltr'>timet</span> <span class='ocrx_word' id='word_1_106' title='bbox 1065 1796 1104 1850; x_wconf 92' lang='lat' dir='ltr'>uti</span> <span class='ocrx_word' id='word_1_107' title='bbox 1117 1815 1124 1861; x_wconf 90' lang='lat'>;</span> 
     </span>
     <span class='ocr_line' id='line_1_18' title="bbox 376 1876 1112 1948; baseline 0.004 -18"><span class='ocrx_word' id='word_1_108' title='bbox 376 1877 430 1930; x_wconf 90' lang='lat' dir='ltr'>Vel</span> <span class='ocrx_word' id='word_1_109' title='bbox 442 1876 517 1946; x_wconf 92' lang='lat' dir='ltr'>quod</span> <span class='ocrx_word' id='word_1_110' title='bbox 530 1892 574 1930; x_wconf 91' lang='lat' dir='ltr'>res</span> <span class='ocrx_word' id='word_1_111' title='bbox 586 1892 684 1929; x_wconf 91' lang='lat' dir='ltr'>omnes</span> <span class='ocrx_word' id='word_1_112' title='bbox 697 1876 795 1931; x_wconf 87' lang='lat' dir='ltr'>timide</span> <span class='ocrx_word' id='word_1_113' title='bbox 807 1878 953 1948; x_wconf 88' lang='lat' dir='ltr'>gelideque</span> <span class='ocrx_word' id='word_1_114' title='bbox 965 1878 1112 1947; x_wconf 89' lang='lat' dir='ltr'>ministrat,</span> 
     </span>
     <span class='ocr_line' id='line_1_19' title="bbox 377 1959 1042 2031; baseline 0.002 -17"><span class='ocrx_word' id='word_1_115' title='bbox 377 1960 495 2027; x_wconf 90' lang='lat' dir='ltr'>Dilator,</span> <span class='ocrx_word' id='word_1_116' title='bbox 508 1976 557 2028; x_wconf 92' lang='lat' dir='ltr'>spe</span> <span class='ocrx_word' id='word_1_117' title='bbox 569 1959 677 2028; x_wconf 85' lang='lat' dir='ltr'>longus,</span> <span class='ocrx_word' id='word_1_118' title='bbox 691 1959 772 2027; x_wconf 90' lang='lat' dir='ltr'>iners,</span> <span class='ocrx_word' id='word_1_119' title='bbox 786 1961 938 2031; x_wconf 86' lang='lat' dir='ltr'>avidusque</span> <span class='ocrx_word' id='word_1_120' title='bbox 950 1961 1042 2029; x_wconf 86' lang='lat' dir='ltr'>futuri,</span> 
     </span>
     <span class='ocr_line' id='line_1_20' title="bbox 377 2042 1023 2113; baseline -0.002 -16"><span class='ocrx_word' id='word_1_121' title='bbox 377 2043 516 2110; x_wconf 92' lang='lat' dir='ltr'>Difficilis,</span> <span class='ocrx_word' id='word_1_122' title='bbox 526 2042 668 2112; x_wconf 88' lang='lat' dir='ltr'>querulus,</span> <span class='ocrx_word' id='word_1_123' title='bbox 680 2043 810 2097; x_wconf 91' lang='lat' dir='ltr'>laudator</span> <span class='ocrx_word' id='word_1_124' title='bbox 821 2044 955 2113; x_wconf 91' lang='lat' dir='ltr'>temporis</span> <span class='ocrx_word' id='word_1_125' title='bbox 969 2044 1023 2098; x_wconf 91' lang='lat' dir='ltr'>acti</span> 
     </span>
    </p>

    <p class='ocr_par' dir='ltr' id='par_1_4' title="bbox 377 2125 1006 2197">
     <span class='ocr_line' id='line_1_21' title="bbox 377 2125 1006 2197; baseline -0.003 -15"><span class='ocrx_word' id='word_1_126' title='bbox 377 2129 414 2182; x_wconf 93' lang='lat' dir='ltr'>Se</span> <span class='ocrx_word' id='word_1_127' title='bbox 425 2143 520 2197; x_wconf 90' lang='lat' dir='ltr'>puero,</span> <span class='ocrx_word' id='word_1_128' title='bbox 530 2125 681 2195; x_wconf 85' lang='lat' dir='ltr'>castigator</span> <span class='ocrx_word' id='word_1_129' title='bbox 693 2143 847 2197; x_wconf 91' lang='lat' dir='ltr'>censorque</span> <span class='ocrx_word' id='word_1_130' title='bbox 859 2127 1006 2181; x_wconf 90' lang='lat' dir='ltr'>minorum.</span> 
     </span>
    </p>

    <p class='ocr_par' dir='ltr' id='par_1_5' title="bbox 372 2209 1141 2943">
     <span class='ocr_line' id='line_1_22' title="bbox 377 2209 1083 2276; baseline -0.001 -12"><span class='ocrx_word' id='word_1_131' title='bbox 377 2210 470 2264; x_wconf 92' lang='lat' dir='ltr'>Multa</span> <span class='ocrx_word' id='word_1_132' title='bbox 481 2210 572 2264; x_wconf 81' lang='lat' dir='ltr'>ferunt</span> <span class='ocrx_word' id='word_1_133' title='bbox 585 2209 652 2262; x_wconf 90' lang='lat' dir='ltr'>anni</span> <span class='ocrx_word' id='word_1_134' title='bbox 665 2209 808 2263; x_wconf 91' lang='lat' dir='ltr'>venientes</span> <span class='ocrx_word' id='word_1_135' title='bbox 821 2210 970 2263; x_wconf 89' lang='lat' dir='ltr'>commoda</span> <span class='ocrx_word' id='word_1_136' title='bbox 982 2227 1083 2276; x_wconf 89' lang='lat' dir='ltr'>secum,</span> 
     </span>
     <span class='ocr_line' id='line_1_23' title="bbox 376 2291 1048 2346; baseline -0.003 1"><span class='ocrx_word' id='word_1_137' title='bbox 376 2293 468 2346; x_wconf 90' lang='lat' dir='ltr'>Multa</span> <span class='ocrx_word' id='word_1_138' title='bbox 479 2292 640 2346; x_wconf 87' lang='lat' dir='ltr'>recedentes</span> <span class='ocrx_word' id='word_1_139' title='bbox 652 2291 796 2345; x_wconf 89' lang='lat' dir='ltr'>adimunt:</span> <span class='ocrx_word' id='word_1_140' title='bbox 816 2308 852 2345; x_wconf 90' lang='lat' dir='ltr'>ne</span> <span class='ocrx_word' id='word_1_141' title='bbox 865 2291 935 2346; x_wconf 83' lang='lat' dir='ltr'>forte</span> <span class='ocrx_word' id='word_1_142' title='bbox 947 2292 1048 2346; x_wconf 91' lang='lat' dir='ltr'>seniles</span> 
     </span>
     <span class='ocr_line' id='line_1_24' title="bbox 375 2374 1031 2445; baseline -0.003 -15"><span class='ocrx_word' id='word_1_143' title='bbox 375 2376 546 2430; x_wconf 88' lang='lat' dir='ltr'>Mandentur</span> <span class='ocrx_word' id='word_1_144' title='bbox 555 2374 650 2445; x_wconf 88' lang='lat' dir='ltr'>juveni</span> <span class='ocrx_word' id='word_1_145' title='bbox 662 2383 765 2444; x_wconf 89' lang='lat' dir='ltr'>partes,</span> <span class='ocrx_word' id='word_1_146' title='bbox 777 2391 918 2444; x_wconf 90' lang='lat' dir='ltr'>pueroque</span> <span class='ocrx_word' id='word_1_147' title='bbox 930 2375 1031 2442; x_wconf 88' lang='lat' dir='ltr'>viriles,</span> 
     </span>
     <span class='ocr_line' id='line_1_25' title="bbox 374 2457 1091 2529; baseline -0.004 -15"><span class='ocrx_word' id='word_1_148' title='bbox 374 2462 491 2529; x_wconf 92' lang='lat' dir='ltr'>Semper</span> <span class='ocrx_word' id='word_1_149' title='bbox 503 2459 532 2512; x_wconf 92' lang='lat' dir='ltr'>in</span> <span class='ocrx_word' id='word_1_150' title='bbox 545 2457 683 2528; x_wconf 92' lang='lat' dir='ltr'>adjunctis</span> <span class='ocrx_word' id='word_1_151' title='bbox 693 2474 817 2527; x_wconf 91' lang='lat' dir='ltr'>aevoque</span> <span class='ocrx_word' id='word_1_152' title='bbox 829 2457 1001 2512; x_wconf 87' lang='lat' dir='ltr'>morabimur</span> <span class='ocrx_word' id='word_1_153' title='bbox 1012 2457 1091 2526; x_wconf 92' lang='lat' dir='ltr'>aptis.</span> 
     </span>
     <span class='ocr_line' id='line_1_26' title="bbox 372 2539 1027 2611; baseline -0.003 -15"><span class='ocrx_word' id='word_1_154' title='bbox 372 2544 430 2596; x_wconf 88' lang='lat' dir='ltr'>Aut</span> <span class='ocrx_word' id='word_1_155' title='bbox 442 2542 533 2611; x_wconf 88' lang='lat' dir='ltr'>agitur</span> <span class='ocrx_word' id='word_1_156' title='bbox 545 2558 589 2594; x_wconf 93' lang='lat' dir='ltr'>res</span> <span class='ocrx_word' id='word_1_157' title='bbox 602 2541 631 2593; x_wconf 92' lang='lat' dir='ltr'>in</span> <span class='ocrx_word' id='word_1_158' title='bbox 645 2540 745 2607; x_wconf 90' lang='lat' dir='ltr'>scenis,</span> <span class='ocrx_word' id='word_1_159' title='bbox 759 2548 806 2593; x_wconf 91' lang='lat' dir='ltr'>aut</span> <span class='ocrx_word' id='word_1_160' title='bbox 819 2548 883 2593; x_wconf 91' lang='lat' dir='ltr'>acta</span> <span class='ocrx_word' id='word_1_161' title='bbox 894 2539 1027 2594; x_wconf 85' lang='lat' dir='ltr'>refertur:</span> 
     </span>
     <span class='ocr_line' id='line_1_27' title="bbox 374 2623 1052 2694; baseline -0.003 -15"><span class='ocrx_word' id='word_1_162' title='bbox 374 2625 494 2694; x_wconf 88' lang='lat' dir='ltr'>Segnius</span> <span class='ocrx_word' id='word_1_163' title='bbox 507 2625 616 2678; x_wconf 91' lang='lat' dir='ltr'>irritant</span> <span class='ocrx_word' id='word_1_164' title='bbox 629 2624 738 2677; x_wconf 86' lang='lat' dir='ltr'>animos</span> <span class='ocrx_word' id='word_1_165' title='bbox 751 2623 875 2677; x_wconf 87' lang='lat' dir='ltr'>demissa</span> <span class='ocrx_word' id='word_1_166' title='bbox 886 2640 936 2693; x_wconf 94' lang='lat' dir='ltr'>per</span> <span class='ocrx_word' id='word_1_167' title='bbox 948 2640 1052 2691; x_wconf 90' lang='lat' dir='ltr'>aurem,</span> 
     </span>
     <span class='ocr_line' id='line_1_28' title="bbox 374 2705 1141 2778; baseline 0 -16"><span class='ocrx_word' id='word_1_168' title='bbox 374 2709 467 2778; x_wconf 90' lang='lat' dir='ltr'>Quam</span> <span class='ocrx_word' id='word_1_169' title='bbox 480 2724 551 2777; x_wconf 88' lang='lat' dir='ltr'>quae</span> <span class='ocrx_word' id='word_1_170' title='bbox 564 2716 628 2761; x_wconf 90' lang='lat' dir='ltr'>sunt</span> <span class='ocrx_word' id='word_1_171' title='bbox 640 2707 728 2760; x_wconf 92' lang='lat' dir='ltr'>oculis</span> <span class='ocrx_word' id='word_1_172' title='bbox 741 2707 868 2776; x_wconf 91' lang='lat' dir='ltr'>subjecta</span> <span class='ocrx_word' id='word_1_173' title='bbox 879 2705 1016 2774; x_wconf 89' lang='lat' dir='ltr'>fidelibus,</span> <span class='ocrx_word' id='word_1_174' title='bbox 1029 2716 1057 2760; x_wconf 92' lang='lat' dir='ltr'>et</span> <span class='ocrx_word' id='word_1_175' title='bbox 1070 2724 1141 2777; x_wconf 91' lang='lat' dir='ltr'>quae</span> 
     </span>
     <span class='ocr_line' id='line_1_29' title="bbox 373 2789 1132 2860; baseline 0 -15"><span class='ocrx_word' id='word_1_176' title='bbox 373 2793 437 2860; x_wconf 94' lang='lat' dir='ltr'>Ipse</span> <span class='ocrx_word' id='word_1_177' title='bbox 450 2790 504 2844; x_wconf 94' lang='lat' dir='ltr'>sibi</span> <span class='ocrx_word' id='word_1_178' title='bbox 516 2789 602 2844; x_wconf 90' lang='lat' dir='ltr'>tradit</span> <span class='ocrx_word' id='word_1_179' title='bbox 615 2799 763 2860; x_wconf 87' lang='lat' dir='ltr'>spectator.</span> <span class='ocrx_word' id='word_1_180' title='bbox 802 2792 869 2844; x_wconf 92' lang='lat' dir='ltr'>Non</span> <span class='ocrx_word' id='word_1_181' title='bbox 881 2799 976 2844; x_wconf 88' lang='lat' dir='ltr'>tamen</span> <span class='ocrx_word' id='word_1_182' title='bbox 988 2789 1062 2843; x_wconf 91' lang='lat' dir='ltr'>intus</span> <span class='ocrx_word' id='word_1_183' title='bbox 1129 2841 1132 2845; x_wconf 85' lang='lat'>.</span> 
     </span>
     <span class='ocr_line' id='line_1_30' title="bbox 373 2872 1109 2943; baseline -0.003 -15"><span class='ocrx_word' id='word_1_184' title='bbox 373 2874 468 2943; x_wconf 86' lang='lat' dir='ltr'>Digna</span> <span class='ocrx_word' id='word_1_185' title='bbox 480 2873 546 2942; x_wconf 84' lang='lat' dir='ltr'>geri,</span> <span class='ocrx_word' id='word_1_186' title='bbox 558 2889 669 2942; x_wconf 92' lang='lat' dir='ltr'>promes</span> <span class='ocrx_word' id='word_1_187' title='bbox 683 2873 712 2926; x_wconf 90' lang='lat' dir='ltr'>in</span> <span class='ocrx_word' id='word_1_188' title='bbox 725 2889 839 2926; x_wconf 90' lang='lat' dir='ltr'>scenam</span> <span class='ocrx_word' id='word_1_189' title='bbox 850 2891 858 2937; x_wconf 92' lang='lat'>;</span> <span class='ocrx_word' id='word_1_190' title='bbox 875 2872 1018 2943; x_wconf 86' lang='lat' dir='ltr'>multaque</span> <span class='ocrx_word' id='word_1_191' title='bbox 1030 2872 1109 2926; x_wconf 92' lang='lat' dir='ltr'>tolles</span> 
     </span>
    </p>
   </div>
   <div class='ocr_carea' id='block_1_3' title="bbox 369 2955 1144 3525">
    <p class='ocr_par' dir='ltr' id='par_1_6' title="bbox 371 2955 1086 3109">
     <span class='ocr_line' id='line_1_31' title="bbox 372 2955 1086 3026; baseline -0.004 -16"><span class='ocrx_word' id='word_1_192' title='bbox 372 2958 416 3010; x_wconf 88' lang='lat' dir='ltr'>Ex</span> <span class='ocrx_word' id='word_1_193' title='bbox 428 2956 524 3024; x_wconf 89' lang='lat' dir='ltr'>oculis,</span> <span class='ocrx_word' id='word_1_194' title='bbox 537 2972 608 3026; x_wconf 88' lang='lat' dir='ltr'>quae</span> <span class='ocrx_word' id='word_1_195' title='bbox 620 2973 686 3010; x_wconf 88' lang='lat' dir='ltr'>mox</span> <span class='ocrx_word' id='word_1_196' title='bbox 698 2965 791 3009; x_wconf 90' lang='lat' dir='ltr'>narret</span> <span class='ocrx_word' id='word_1_197' title='bbox 803 2955 935 3009; x_wconf 87' lang='lat' dir='ltr'>facundia</span> <span class='ocrx_word' id='word_1_198' title='bbox 946 2971 1086 3024; x_wconf 90' lang='lat' dir='ltr'>praesens.</span> 
     </span>
     <span class='ocr_line' id='line_1_32' title="bbox 371 3037 1007 3109; baseline -0.003 -15"><span class='ocrx_word' id='word_1_199' title='bbox 371 3042 417 3094; x_wconf 93' lang='lat' dir='ltr'>Ne</span> <span class='ocrx_word' id='word_1_200' title='bbox 428 3056 529 3109; x_wconf 92' lang='lat' dir='ltr'>pueros</span> <span class='ocrx_word' id='word_1_201' title='bbox 542 3055 637 3092; x_wconf 86' lang='lat' dir='ltr'>coram</span> <span class='ocrx_word' id='word_1_202' title='bbox 649 3039 752 3108; x_wconf 91' lang='lat' dir='ltr'>populo</span> <span class='ocrx_word' id='word_1_203' title='bbox 766 3039 869 3092; x_wconf 88' lang='lat' dir='ltr'>Medea</span> <span class='ocrx_word' id='word_1_204' title='bbox 880 3037 1007 3105; x_wconf 90' lang='lat' dir='ltr'>trucidet,</span> 
     </span>
    </p>

    <p class='ocr_par' dir='ltr' id='par_1_7' title="bbox 369 3121 1144 3525">
     <span class='ocr_line' id='line_1_33' title="bbox 369 3121 1112 3192; baseline -0.004 -15"><span class='ocrx_word' id='word_1_205' title='bbox 369 3125 427 3178; x_wconf 83' lang='lat' dir='ltr'>Aut</span> <span class='ocrx_word' id='word_1_206' title='bbox 438 3123 563 3176; x_wconf 88' lang='lat' dir='ltr'>humana</span> <span class='ocrx_word' id='word_1_207' title='bbox 574 3123 668 3192; x_wconf 89' lang='lat' dir='ltr'>palam</span> <span class='ocrx_word' id='word_1_208' title='bbox 681 3131 782 3192; x_wconf 91' lang='lat' dir='ltr'>coquat</span> <span class='ocrx_word' id='word_1_209' title='bbox 795 3130 858 3175; x_wconf 89' lang='lat' dir='ltr'>exta</span> <span class='ocrx_word' id='word_1_210' title='bbox 869 3121 990 3175; x_wconf 83' lang='lat' dir='ltr'>nefarius</span> <span class='ocrx_word' id='word_1_211' title='bbox 1003 3122 1112 3188; x_wconf 89' lang='lat' dir='ltr'>Atreus,</span> 
     </span>
     <span class='ocr_line' id='line_1_34' title="bbox 369 3203 1144 3273; baseline -0.008 -12"><span class='ocrx_word' id='word_1_212' title='bbox 369 3208 427 3261; x_wconf 88' lang='lat' dir='ltr'>Aut</span> <span class='ocrx_word' id='word_1_213' title='bbox 439 3206 469 3261; x_wconf 93' lang='lat' dir='ltr'>in</span> <span class='ocrx_word' id='word_1_214' title='bbox 481 3223 562 3260; x_wconf 90' lang='lat' dir='ltr'>avem</span> <span class='ocrx_word' id='word_1_215' title='bbox 575 3207 682 3259; x_wconf 91' lang='lat' dir='ltr'>Procne</span> <span class='ocrx_word' id='word_1_216' title='bbox 694 3214 825 3272; x_wconf 88' lang='lat' dir='ltr'>vertatur,</span> <span class='ocrx_word' id='word_1_217' title='bbox 839 3203 962 3258; x_wconf 90' lang='lat' dir='ltr'>Cadmus</span> <span class='ocrx_word' id='word_1_218' title='bbox 975 3204 1004 3257; x_wconf 91' lang='lat' dir='ltr'>in</span> <span class='ocrx_word' id='word_1_219' title='bbox 1016 3220 1144 3273; x_wconf 87' lang='lat' dir='ltr'>anguem.</span> 
     </span>
     <span class='ocr_line' id='line_1_35' title="bbox 371 3286 1081 3359; baseline -0.006 -16"><span class='ocrx_word' id='word_1_220' title='bbox 371 3289 563 3359; x_wconf 85' lang='lat' dir='ltr'>Quodcunque</span> <span class='ocrx_word' id='word_1_221' title='bbox 575 3288 700 3342; x_wconf 90' lang='lat' dir='ltr'>ostendis</span> <span class='ocrx_word' id='word_1_222' title='bbox 712 3288 782 3341; x_wconf 92' lang='lat' dir='ltr'>mihi</span> <span class='ocrx_word' id='word_1_223' title='bbox 795 3287 843 3355; x_wconf 92' lang='lat' dir='ltr'>sie,</span> <span class='ocrx_word' id='word_1_224' title='bbox 857 3287 1014 3342; x_wconf 93' lang='lat' dir='ltr'>incredulus</span> <span class='ocrx_word' id='word_1_225' title='bbox 1027 3286 1081 3340; x_wconf 92' lang='lat' dir='ltr'>odi.</span> 
     </span>
     <span class='ocr_line' id='line_1_36' title="bbox 371 3370 1036 3441; baseline -0.003 -15"><span class='ocrx_word' id='word_1_226' title='bbox 371 3374 452 3426; x_wconf 90' lang='lat' dir='ltr'>Neve</span> <span class='ocrx_word' id='word_1_227' title='bbox 463 3372 563 3439; x_wconf 88' lang='lat' dir='ltr'>minor,</span> <span class='ocrx_word' id='word_1_228' title='bbox 575 3387 630 3425; x_wconf 88' lang='lat' dir='ltr'>neu</span> <span class='ocrx_word' id='word_1_229' title='bbox 643 3370 679 3424; x_wconf 92' lang='lat' dir='ltr'>sit</span> <span class='ocrx_word' id='word_1_230' title='bbox 691 3370 788 3441; x_wconf 92' lang='lat' dir='ltr'>quinto</span> <span class='ocrx_word' id='word_1_231' title='bbox 801 3370 961 3440; x_wconf 92' lang='lat' dir='ltr'>productior</span> <span class='ocrx_word' id='word_1_232' title='bbox 973 3379 1036 3424; x_wconf 88' lang='lat' dir='ltr'>actu</span> 
     </span>
     <span class='ocr_line' id='line_1_37' title="bbox 373 3451 1046 3525; baseline -0.007 -15"><span class='ocrx_word' id='word_1_233' title='bbox 373 3456 489 3523; x_wconf 91' lang='lat' dir='ltr'>Fabula,</span> <span class='ocrx_word' id='word_1_234' title='bbox 502 3471 574 3525; x_wconf 87' lang='lat' dir='ltr'>quae</span> <span class='ocrx_word' id='word_1_235' title='bbox 586 3453 664 3524; x_wconf 94' lang='lat' dir='ltr'>posci</span> <span class='ocrx_word' id='word_1_236' title='bbox 677 3454 742 3521; x_wconf 93' lang='lat' dir='ltr'>volt,</span> <span class='ocrx_word' id='word_1_237' title='bbox 756 3461 783 3508; x_wconf 88' lang='lat' dir='ltr'>et</span> <span class='ocrx_word' id='word_1_238' title='bbox 796 3461 922 3522; x_wconf 89' lang='lat' dir='ltr'>spectata</span> <span class='ocrx_word' id='word_1_239' title='bbox 933 3451 1046 3522; x_wconf 88' lang='lat' dir='ltr'>reponi:</span> 
     </span>
    </p>
   </div>
   <div class='ocr_carea' id='block_1_4' title="bbox 0 0 1378 4138">
    <p class='ocr_par' dir='ltr' id='par_1_8' title="bbox 0 0 1378 4138">
     <span class='ocr_line' id='line_1_38' title="bbox 0 0 1378 4138; baseline 0 5"><span class='ocrx_word' id='word_1_240' title='bbox 0 0 1378 4138; x_wconf 95' lang='lat' dir='ltr'> </span> 
     </span>
    </p>
   </div>
  </div>
 </body>
</html>
