2748 4138
389 455 482 497 LIBER
505 456 524 499 1.
569 455 718 500 EPISTOLA
740 457 802 501 XVI.
980 459 1037 519 257

196 581 247 635 Vir
258 582 349 636 bonus
362 591 390 636 et
401 583 524 652 prudens
537 583 592 638 dici
605 584 728 638 delector
741 602 793 654 ego
806 603 839 640 ac
851 595 890 640 tu.

197 665 252 735 Qui
264 665 342 719 dedit
354 665 408 720 hoc
421 666 513 734 hodie,
526 685 596 735 cras,
610 667 634 721 si
645 668 728 735 volet,
741 668 845 722 auferet
857 689 864 734 3
882 677 912 723 ut
925 669 949 723 si

196 749 336 802 Detulerit
348 748 438 803 fasces
452 750 576 820 indigno,
589 750 716 804 detrahet
730 750 811 806 idem.

196 831 281 898 Pone,
294 847 388 884 meum
401 840 451 899 est,
465 832 573 903 inquit:
593 849 677 903 pono,
689 833 832 904 tristisque
844 835 951 890 recedo.

197 915 277 968 Idem
289 914 313 967 si
326 915 428 969 clamet
440 915 537 984 furem,
550 926 633 986 neget
646 934 708 971 esse
720 917 862 986 pudicum,

196 997 356 1051 Contendat
367 998 468 1068 laqueo
481 1000 584 1053 collum
596 1000 731 1069 pressisse
743 1009 899 1069 paternum,

196 1080 330 1134 Mordear
342 1081 499 1149 opprobriis
513 1081 589 1136 falsis
602 1092 764 1152 mutemque
776 1083 903 1137 colores?

195 1165 296 1220 Falsus
308 1167 399 1220 honor
407 1165 495 1234 juvat,
509 1175 536 1220 et
548 1166 670 1220 mendax
683 1165 799 1219 infamia
810 1175 903 1233 terret,

195 1249 295 1317 Quem,
303 1249 357 1303 nisi
365 1249 531 1303 mendosum
540 1258 567 1302 et
574 1247 789 1303 medicandum?
806 1249 857 1302 Vir
864 1250 955 1304 bonus
963 1260 1005 1304 est
1014 1251 1093 1321 quis?

196 1330 251 1399 Qui
264 1332 393 1386 consulta
404 1340 524 1402 patrum,
537 1332 584 1402 qui
597 1332 673 1400 leges
683 1332 801 1402 juraque
814 1341 906 1386 servat
918 1351 924 1398 ;

196 1414 259 1482 Quo
271 1416 376 1468 multae
388 1431 564 1486 magnaeque
577 1424 708 1469 secantur
717 1415 812 1484 judice
824 1415 887 1469 lites
900 1434 907 1481 ;

195 1497 258 1566 Quo
270 1513 315 1551 res
328 1514 463 1567 sponsore
475 1507 503 1552 et
516 1514 571 1568 quo
584 1514 686 1552 causae
698 1507 769 1552 teste
782 1507 918 1552 tenentur.

194 1579 251 1634 Sed
263 1580 340 1635 videt
352 1580 427 1634 hunc
440 1571 532 1634 omnis
546 1579 645 1634 domus
659 1590 686 1634 et
698 1581 801 1635 vicinia
813 1590 873 1635 tota

195 1664 350 1718 Introrsum
363 1672 481 1733 turpem,
495 1663 653 1733 speciosum
664 1665 736 1734 pelle
749 1665 858 1720 decora.

194 1748 255 1801 Nec
268 1746 372 1802 furtum
384 1746 446 1815 feci,
458 1764 510 1802 nec
524 1746 590 1816 fugi,
604 1747 629 1801 si
642 1748 711 1800 mihi
724 1747 799 1802 dicat

194 1831 314 1885 Servus:
336 1831 435 1885 Habes
447 1830 576 1900 pretium,
589 1829 655 1884 loris
668 1848 725 1885 non
738 1832 833 1899 ureris,
847 1831 899 1886 aio.

194 1914 261 1967 Non
273 1913 417 1967 hominem
430 1913 528 1967 occidi.
567 1915 633 1966 Non
647 1931 747 1984 pasces
760 1915 789 1968 in
802 1932 884 1969 cruce
896 1931 1001 1971 corvos

194 1997 263 2051 Sum
274 1997 374 2064 bonus,
387 2005 415 2050 et
427 1996 506 2065 frugi.
545 1997 649 2051 Renuit
661 1999 822 2069 negitatque
837 1999 981 2055 Sabellus:

194 2079 299 2132 Cautus
313 2078 388 2132 enim
400 2079 499 2133 metuit
511 2078 621 2132 foveam
633 2081 723 2150 lupus,
736 2082 924 2152 accipiterque

193 2162 344 2231 Suspectus
356 2161 480 2230 laqueos,
493 2171 521 2215 et
533 2171 661 2231 opertum
673 2165 783 2219 milvius
795 2165 918 2220 hamum.

193 2244 320 2299 Oderunt
332 2260 449 2314 peccare
461 2245 529 2298 boni
540 2245 650 2299 virtutis
663 2263 759 2300 amore
770 2267 777 2312 ;

193 2329 237 2381 Tu
249 2326 319 2379 nihil
331 2326 463 2380 admittes
476 2327 505 2380 in
517 2336 545 2381 te
558 2327 705 2382 formidine
716 2345 842 2399 poenae:

193 2409 237 2463 Sit
249 2425 313 2479 spes
325 2409 448 2473 fallendi,
461 2410 593 2464 miscebis
606 2427 686 2465 sacra
698 2412 822 2481 profanis
835 2432 841 2467 :

194 2494 271 2546 Nam
283 2492 319 2546 de
331 2492 407 2546 mille
419 2492 501 2547 fabae
512 2494 614 2547 modiis
628 2511 692 2548 cum
705 2496 819 2565 surripis
831 2513 927 2565 unum,

194 2578 337 2630 Damnum
350 2585 401 2643 est,
414 2593 470 2630 non
484 2575 599 2644 facinus,
612 2578 681 2631 mihi
693 2588 777 2648 pacto
789 2579 879 2635 lenius
891 2581 953 2635 isto.

191 2659 242 2714 Vir
253 2661 354 2727 bonus,
366 2676 450 2713 omne
462 2659 553 2714 forum
565 2677 648 2730 quem
661 2671 769 2731 spectat
782 2671 809 2716 et
822 2680 904 2718 omne
916 2664 1046 2731 tribunal,

193 2742 424 2813 Quandocunque
438 2745 515 2798 Deos
527 2745 571 2797 vel
583 2761 669 2814 porco
681 2746 725 2799 vel
736 2747 809 2800 bove
820 2747 923 2816 placat,

193 2827 261 2879 Iane
273 2834 361 2895 pater,
373 2827 455 2894 clare,
468 2828 542 2882 clare
554 2845 619 2882 cum
631 2828 709 2897 dixit,
722 2830 840 2899 Apollo:

193 2909 285 2962 Labra
296 2917 390 2962 movet
403 2918 530 2964 metuens
543 2911 648 2965 audiri:
670 2912 791 2966 Pulchra
804 2913 937 2981 Lauerna,

193 2993 239 3045 Da
248 2991 318 3044 mihi
331 2990 433 3060 fallere,
446 2992 483 3046 da
492 2993 569 3062 justo
582 3003 735 3066 sanctoque
747 2991 834 3050 videri
845 3015 852 3062 ;

193 3076 315 3129 Noctem
327 3076 459 3145 peccatis,
472 3086 499 3131 et
512 3076 656 3132 fraudibus
669 3079 760 3148 objice
772 3081 885 3149 nubem,

192 3159 247 3229 Qui
260 3159 358 3213 melior
370 3175 458 3228 servo,
471 3161 519 3231 qui
531 3161 644 3215 liberior
656 3162 693 3216 sit
705 3179 813 3232 avarus,

192 3243 227 3296 In
238 3242 326 3296 triviis
341 3241 426 3296 fixum
439 3259 503 3297 cum
516 3261 547 3298 se
559 3244 680 3300 demittit
693 3246 729 3300 ob
743 3263 843 3315 assem,

192 3326 258 3380 Non
270 3327 369 3381 video:
390 3342 456 3382 nam
469 3328 517 3398 qui
529 3329 630 3399 cupiet,
644 3338 748 3385 metuet
761 3348 871 3402 quoque
883 3352 889 3399 ;
908 3351 990 3404 porro

192 3410 246 3478 Qui
259 3420 386 3466 metuens
398 3412 481 3481 vivet,
494 3412 564 3467 liber
576 3413 645 3467 mihi
658 3431 715 3468 non
728 3415 779 3469 erit
792 3433 922 3486 unquam

192 3492 317 3549 Perdidit
329 3512 416 3564 arma,
429 3497 523 3551 locum
534 3496 644 3552 virtutis
656 3497 786 3566 deseruit,
799 3499 846 3570 qui
1007 3524 1031 3573 ⁶7

605 3614 620 3657 S
