2804 4176
460 435 554 478 LIBER
577 435 596 478 1.
644 435 793 482 EPISTOLA
815 438 847 480 11.
1021 439 1078 500 237

231 563 295 633 Qui,
304 564 371 635 quid
384 565 420 620 sit
429 565 585 635 pulchrum,
595 565 662 636 quid
674 575 762 636 turpe,
772 566 840 638 quid
850 567 926 636 utile,
936 567 1005 638 quid
1014 585 1081 637 non,

231 648 343 702 Plenius
356 665 389 702 ac
402 649 501 724 melius
516 648 673 718 Chrysippo
685 659 713 703 et
727 651 863 705 Crantore
875 651 951 707 dicit.

232 732 288 785 Cur
301 732 340 786 ita
352 731 526 799 crediderim,
538 732 593 787 nisi
606 731 674 802 quid
686 741 714 786 te
726 733 840 801 detinet,
853 734 926 789 audi

231 814 348 881 Fabula,
361 832 418 884 qua
430 815 539 869 Paridis
551 825 666 885 propter
677 824 805 870 narratur
816 833 941 872 amorem

232 897 351 950 Graecia
364 897 515 952 Barbariae
527 898 603 953 lento
615 898 714 952 collisa
725 899 826 967 duello,

230 978 384 1034 Stultorum
396 997 494 1049 regum
505 989 534 1035 et
545 981 713 1050 populorum
724 981 849 1036 continet
860 992 962 1038 aestus.

229 1063 356 1116 Antenor
367 1073 462 1118 censet
474 1064 540 1118 belli
552 1065 714 1134 praecidere
727 1081 850 1119 causam.

230 1145 305 1213 Quid
319 1147 418 1202 Paris?
437 1157 468 1202 ut
480 1147 574 1202 salvus
586 1156 684 1217 regnet
697 1147 827 1218 vivatque
839 1149 949 1218 beatus,

231 1229 300 1298 Cogi
312 1246 395 1299 posse
407 1239 500 1299 negat.
540 1233 646 1286 Nestor
658 1247 825 1300 componere
837 1232 900 1286 lites

230 1313 307 1366 lnter
319 1313 434 1368 Peliden
447 1313 561 1368 festinat
573 1324 601 1368 et
613 1313 686 1368 inter
697 1314 816 1369 Atriden
827 1334 835 1380 ;

228 1395 313 1449 Hunc
326 1413 413 1465 amor,
426 1397 468 1450 ira
480 1397 594 1467 quidem
606 1397 791 1452 communiter
803 1397 858 1452 urit
870 1407 1024 1471 utrumque.

229 1477 371 1550 Quidquid
384 1480 504 1535 delirant
516 1497 605 1549 reges,
617 1481 777 1550 plectuntur
787 1481 895 1535 Achivi.

226 1564 378 1631 Seditione,
391 1564 472 1631 dolis,
485 1565 597 1632 scelere,
610 1572 694 1634 atque
706 1563 822 1618 libidine
834 1573 862 1619 et
874 1565 916 1619 ira

228 1647 329 1701 Iliacos
342 1647 416 1701 intra
427 1663 522 1701 muros
535 1656 669 1716 peccatur
680 1656 708 1700 et
722 1655 806 1701 extra.

227 1732 343 1799 Rursus,
354 1731 422 1802 quid
433 1731 521 1785 virtus
534 1739 562 1785 et
575 1730 643 1800 quid
655 1729 794 1799 sapientia
806 1730 903 1800 possit,

228 1812 304 1868 Utile
316 1813 462 1883 proposuit
473 1813 556 1868 nobis
568 1814 711 1884 exemplar
726 1813 828 1867 Ulixen
838 1833 845 1878 3

227 1897 284 1965 Qui
296 1897 418 1950 domitor
430 1897 540 1966 Trojae,
552 1896 705 1951 multorum
716 1896 849 1967 providus
862 1896 946 1952 urbes

227 1980 265 2033 Et
277 1996 369 2034 mores
381 1979 528 2034 hominum
540 1979 661 2049 inspexit
671 1998 679 2045 ;
697 1980 842 2050 latumque
853 1996 903 2049 per
914 1996 1026 2052 aequor,

228 2063 305 2115 Dum
318 2062 380 2130 sibi,
393 2063 461 2117 dum
473 2063 556 2117 sociis
568 2062 689 2118 reditum
702 2072 791 2132 parat,
804 2079 904 2133 aspera
915 2066 1005 2120 multa

227 2144 352 2211 Pertulit,
364 2144 489 2198 adversis
501 2161 595 2198 rerum
606 2144 803 2199 immersabilis
816 2145 907 2200 undis.

228 2227 357 2282 Sirenum
369 2244 453 2281 voces
465 2237 493 2281 et
507 2228 605 2282 Circae
617 2228 720 2297 pocula
731 2227 806 2281 nosti
817 2246 824 2292 3

228 2310 307 2378 Quae
320 2309 344 2364 si
357 2325 422 2364 cum
434 2309 518 2364 sociis
531 2310 631 2384 stultus
644 2309 818 2379 cupidusque
829 2309 955 2379 bibisset,

229 2393 288 2447 Sub
300 2392 416 2446 domina
427 2393 573 2447 meretrice
584 2392 683 2446 fuisset
695 2391 784 2461 turpis
797 2401 825 2446 et
838 2409 943 2461 excors,

227 2474 350 2529 Vixisset
362 2475 440 2529 cauis
452 2475 623 2542 immundus,
635 2475 680 2528 vel
692 2474 785 2528 amica
795 2475 855 2528 luto
867 2491 922 2530 sus.

228 2559 290 2611 Nos
302 2574 434 2612 numerus
447 2574 552 2625 sumus,
565 2566 593 2611 et
605 2556 698 2626 fruges
711 2573 876 2611 consumere
888 2558 956 2627 nati,

227 2640 331 2710 Sponsi
344 2642 509 2711 Penelopae,
521 2641 684 2708 nebulones,
696 2639 862 2711 Alcinoique

228 2725 262 2776 ln
274 2732 338 2778 cute
349 2724 474 2778 curanda
485 2725 548 2793 plus
561 2739 651 2793 aequo
663 2731 779 2792 operata
787 2723 920 2792 juventus
930 2743 938 2788 3

227 2807 281 2862 Cui
292 2808 439 2878 pulchrum
451 2808 503 2862 fuit
515 2808 544 2863 in
557 2807 666 2861 medios
678 2806 799 2862 dormire
811 2806 879 2875 dies,
893 2817 921 2862 et

226 2890 273 2944 Ad
285 2891 431 2960 strepitum
444 2891 568 2946 citharae
581 2899 722 2945 cessatum
734 2890 836 2944 ducere
847 2907 952 2945 curam.

229 2974 269 3028 Ut
278 2973 406 3043 jugulent
418 2974 554 3042 homines,
567 2983 685 3043 surgunt
696 2973 732 3027 de
744 2982 826 3028 nocte
838 2974 960 3029 latrones
972 2994 979 3040 ;

229 3057 270 3112 Ut
282 3067 309 3111 te
321 3057 414 3127 ipsum
426 3074 527 3126 serves,
540 3074 597 3111 non
610 3055 828 3126 expergisceris?
863 3057 950 3128 Atqui

226 3140 258 3194 Si
270 3140 348 3194 noles
361 3157 455 3208 sanus,
468 3157 561 3195 curres
572 3139 743 3208 hydropicus
753 3157 761 3204 ;
780 3148 808 3193 et
819 3139 849 3192 ni

227 3225 330 3278 Posces
343 3233 409 3277 ante
420 3224 497 3278 diem
508 3224 611 3277 librum
623 3240 687 3276 cum
699 3222 813 3290 lumine,
826 3221 918 3277 sinon

228 3307 361 3362 Intendes
373 3307 500 3360 animum
512 3305 612 3360 studiis
624 3313 652 3359 et
663 3305 747 3358 rebus
760 3304 894 3372 honestis,

228 3391 338 3444 Invidia
349 3391 394 3445 vel
406 3406 501 3444 amore
512 3389 580 3458 vigil
592 3389 763 3459 torquebere.
801 3389 828 3440 N
830 3405 878 3441 arn
890 3405 947 3456 cur,

227 3473 306 3543 Quae
318 3474 434 3530 laedunt
445 3473 566 3542 oculum,
578 3471 694 3528 festinas
706 3471 818 3526 demere
829 3490 836 3537 ;
855 3471 879 3526 si
892 3472 959 3542 quid
1051 3492 1073 3541 3s
