2804 4176
456 487 551 530 LIBER
574 487 604 530 11.
651 487 762 530 SATIRA
784 489 828 530 111.
890 497 893 504 “
1008 489 1065 545 213

219 617 292 671 Illud
305 616 380 670 idern
392 616 421 669 in
434 616 563 686 rapidum
575 615 679 670 flumen
689 615 829 684 jaceretve
842 617 988 671 cloacam?

220 701 316 769 Quinti
329 700 476 770 progenies
489 699 560 766 Arri,
573 716 624 768 par
637 699 730 752 nobile
742 698 866 766 fratrum,

218 783 353 853 Nequitia
365 793 392 836 et
405 782 495 851 nugis,
507 798 658 852 pravorum
671 790 698 834 et
711 797 806 835 amore
818 783 976 850 gemellum,

218 866 363 920 Luscinias
377 865 450 918 soliti
463 864 590 934 impenso
602 863 740 934 prandere
753 869 906 933 coemptas

219 951 359 1018 Quorsum
372 949 495 1003 abeant?
514 947 596 1001 sanin
608 956 693 1014 creta,
706 964 742 1000 an
756 948 877 1001 carbone
890 949 1027 1004 notandi?

215 1032 372 1086 Aedificare
384 1049 473 1098 casas,
486 1031 615 1100 plostello
628 1030 781 1099 adjungere
793 1047 894 1099 mures,

218 1115 325 1170 Ludere
337 1131 388 1183 par
400 1115 499 1184 impar,
512 1113 637 1184 equitare
649 1113 679 1167 in
692 1113 829 1167 arundine
841 1115 935 1184 longa,

217 1197 247 1252 Si
260 1214 343 1268 quem
356 1198 475 1251 delectet
487 1197 645 1262 barbatum,
659 1197 783 1250 amentia
795 1207 893 1251 verset.

216 1280 246 1335 Si
259 1280 390 1350 puerilius
403 1280 456 1347 his,
469 1279 541 1333 ratio
554 1296 616 1333 esse
629 1279 747 1346 evincet,
761 1296 863 1347 amare,

218 1364 280 1417 Nec
293 1362 447 1433 quidquam
459 1363 577 1429 differre,
589 1371 719 1416 utrumne
732 1361 760 1414 in
773 1363 894 1430 pulvere,
907 1363 1005 1418 trimus
1050 1423 1052 1430 ‚

217 1445 306 1514 Quale
318 1445 403 1514 prius,
415 1445 497 1498 ludas
512 1461 590 1514 opus,
604 1461 641 1498 an
653 1444 807 1498 meretricis
820 1461 915 1498 amore

216 1528 357 1582 Sollicitus
370 1529 479 1598 plores:
500 1545 611 1598 quaero,
624 1527 749 1581 faciasne
758 1528 834 1597 quod
847 1528 914 1581 olim

216 1613 343 1666 Mutatus
357 1613 512 1666 Polemon?
530 1628 619 1680 ponas
633 1610 754 1680 insignia
766 1611 866 1679 morbi,

216 1694 367 1762 FasciolaS,
381 1694 494 1762 cubital,
507 1694 616 1762 focalia,
629 1703 711 1764 potus
725 1702 755 1748 ut
768 1694 813 1747 ille

217 1778 327 1833 Dicitur
339 1794 372 1831 ex
385 1778 457 1832 collo
469 1777 564 1832 furtim
577 1777 715 1846 carpsisse
728 1794 855 1845 coronas,

216 1863 370 1932 Postquam
383 1871 425 1916 est
437 1861 572 1931 impransi
585 1870 728 1930 correptus
740 1876 810 1915 voce
822 1861 969 1931 magistri?

216 1943 338 2012 Porrigis
350 1944 421 1997 irato
434 1961 520 2013 puero
533 1961 597 1998 cum
609 1960 702 2013 poma,
715 1953 841 1997 recusat:

216 2027 310 2092 Sume,
323 2027 421 2080 catelle
435 2028 440 2079 l
459 2036 561 2095 negat:
583 2027 606 2080 si
619 2043 676 2080 non
689 2026 747 2094 des,
761 2035 854 2096 optet:
875 2037 985 2082 amator

215 2108 352 2162 Exclusus
365 2109 413 2178 qui
425 2108 519 2176 distat,
532 2109 591 2178 agit
603 2109 651 2163 ubi
664 2126 768 2177 secum,
782 2120 836 2178 eat,
849 2127 885 2163 an
899 2128 963 2177 non,

216 2192 279 2260 Quo
291 2191 429 2244 rediturus
442 2200 501 2244 erat
513 2209 571 2244 non
583 2192 741 2259 arcessitus,
754 2201 782 2246 et
794 2193 890 2247 haeret

216 2274 317 2328 Invisis
330 2272 456 2327 foribus?
495 2275 555 2327 Nec
569 2291 651 2341 nunc,
665 2291 729 2328 curn
741 2291 787 2328 me
799 2285 882 2328 vocat
894 2277 974 2343 ultro,

214 2356 378 2430 Accedam?
397 2373 434 2408 an
446 2356 539 2425 potius
552 2356 670 2410 mediter
682 2357 761 2410 finire
773 2357 904 2411 dolores?

215 2439 360 2504 Exclusit3
378 2448 507 2492 revocat:
528 2438 662 2492 redeam?
681 2456 746 2506 non,
760 2439 783 2492 si
796 2440 931 2494 obsecret.
969 2443 1045 2496 Ecce

215 2523 326 2588 Servus,
339 2538 397 2574 non
409 2522 503 2590 paullo
516 2521 684 2590 sapientior:
706 2523 730 2575 Ο
745 2522 818 2589 here,
832 2539 903 2592 quae
915 2540 960 2577 res

217 2607 277 2659 Nec
290 2605 407 2659 modum
419 2605 506 2659 habet
517 2621 609 2675 neque
622 2604 777 2667 consilium,
793 2605 901 2660 ratione
913 2607 1053 2678 modoque

214 2688 341 2743 Tractari
354 2705 411 2741 non
423 2689 489 2742 volt
528 2689 561 2741 In
572 2705 667 2742 amore
679 2688 749 2742 haec
762 2698 827 2743 sunt
840 2689 915 2742 mala
926 2709 933 2755 ;
952 2691 1064 2758 bellum,

215 2773 273 2826 Pax
285 2788 411 2825 rursum:
432 2771 501 2824 haec
515 2771 538 2824 si
552 2771 613 2841 quis
627 2771 802 2840 tempestatis
814 2788 901 2842 prope
913 2772 967 2827 ritu

215 2854 341 2921 Mobilia,
355 2863 383 2908 et
395 2871 480 2908 caeca
491 2853 630 2908 fluitantia
643 2863 725 2922 sorte,
738 2855 846 2909 laboret

215 2937 343 2992 Reddere
355 2947 431 2991 certa
444 2937 507 3004 sibi,
520 2937 607 2990 nihilo
619 2938 682 3006 plus
695 2937 822 3006 explicet,
834 2954 868 2991 ac
882 2938 906 2992 si

214 3020 341 3074 Insanire
354 3029 433 3088 paret
446 3028 523 3073 certa
534 3019 643 3072 ratione
654 3020 801 3090 modoque

215 3104 310 3175 Quid?
329 3120 393 3156 curn
408 3102 518 3156 Picenis
530 3118 681 3172 excerpens
695 3103 803 3158 semina
814 3105 906 3174 pomis

214 3187 337 3253 Gaudes,
350 3185 373 3239 si
386 3202 528 3240 cameram
540 3186 663 3254 percusti
675 3186 754 3254 forte,
767 3204 854 3257 penes
867 3197 895 3242 te
907 3190 958 3243 es?

214 3269 309 3339 Quid?
328 3285 393 3323 cum
405 3268 491 3322 balba
502 3268 568 3322 feris
582 3285 689 3323 annoso
703 3270 790 3323 verba
801 3271 904 3340 palato,

212 3353 387 3408 Aedificante
399 3367 480 3406 casas
493 3351 540 3421 qui
554 3351 667 3406 sanior?
703 3352 786 3407 Adde
799 3371 925 3408 cruorem

214 3434 362 3502 Stultitiae,
370 3443 454 3505 atque
464 3434 557 3503 ignem
567 3433 662 3502 gladio
670 3444 801 3489 scrutare.
832 3437 929 3505 Modo,
939 3438 1063 3510 inquam,

215 3518 335 3573 Hellade
347 3533 480 3587 percussa
493 3516 601 3571 Marius
614 3533 679 3572 cum
691 3519 856 3589 praecipitat
869 3537 907 3588 se,
1027 3556 1063 3592 277
