2792 4168
611 441 743 484 HORATII
763 442 934 486 CARMINUM

483 570 538 641 Qui
549 578 652 626 terram
664 569 790 639 inertem,
803 570 851 641 qui
862 588 940 626 mare
952 581 1088 642 temperat

481 654 644 720 Ventosum‚
657 662 685 708 et
697 654 780 707 urbes
792 670 933 724 regnaque
944 654 1035 709 tristia

518 736 661 807 Divosque
672 737 859 808 mortalesque
870 739 968 792 turbas

552 819 673 888 Imperio
685 819 757 890 regit
769 836 841 874 unus
851 836 950 890 aequo

482 953 618 1020 Magnum
631 951 678 1005 illa
690 959 823 1006 terrorem
836 951 966 1006 intulerat
978 953 1040 1021 Jovi

481 1034 585 1088 Fidens
595 1035 726 1104 juventus
738 1035 852 1089 horrida
863 1035 994 1103 brachiis,

517 1119 684 1187 Fratresque
696 1116 842 1173 tendentes
854 1134 944 1188 opaco

553 1200 649 1254 Pelion
662 1200 829 1270 imposuisse
843 1201 973 1270 Olympo.

482 1335 538 1390 Sed
550 1335 617 1406 quid
630 1336 790 1404 Typhoeus,
803 1343 831 1388 et
843 1335 952 1389 validus
966 1335 1079 1402 Mimas,

481 1420 538 1474 Aut
550 1417 617 1488 quid
629 1417 733 1472 minaci
747 1417 920 1486 Porphyrion
933 1426 1017 1485 statu,

517 1500 592 1571 Quid
606 1500 740 1567 Rhoetus
753 1500 908 1570 evolsisque
920 1501 1026 1554 truncis

552 1582 711 1637 Enceladus
720 1583 857 1652 jaculator
870 1582 970 1650 audax,

483 1721 588 1773 Contra
600 1725 748 1771 sonantem
761 1716 884 1770 Palladis
897 1715 997 1785 aegida

482 1803 600 1854 Possent
612 1800 742 1854 ruentes?
781 1799 856 1853 Hinc
869 1798 967 1852 avidus
981 1800 1057 1854 stetit

516 1883 666 1950 Volcanus,
679 1883 744 1936 hinc
756 1891 886 1935 matrona
897 1883 978 1951 Jun0‚
992 1891 1019 1937 et

553 1967 706 2036 Nunquam
718 1965 842 2019 humeris
854 1965 995 2034 positurus
1007 1982 1112 2034 arcum,

484 2098 539 2167 Qui
551 2114 612 2151 rore
624 2109 694 2167 puto
708 2097 848 2151 Castaliae
859 2097 928 2152 lavit

484 2182 581 2235 Crines
594 2181 707 2242 solutos,
723 2179 771 2250 qui
786 2180 887 2250 Lyciae
900 2189 975 2235 tenet

519 2267 642 2320 Dumeta
653 2265 831 2335 natalemque
844 2265 952 2333 silvam,

554 2348 652 2401 Delius
664 2355 692 2402 et
703 2349 837 2402 Patareus
850 2348 959 2418 Apollo.

459 2497 461 2500 ·
482 2469 533 2522 Vis
546 2468 644 2523 consili
657 2485 755 2538 expers
767 2468 841 2523 mole
853 2468 908 2522 ruit
920 2486 989 2534 sua;

483 2552 549 2605 Vim
561 2560 745 2621 temperatam
759 2551 797 2604 Di
809 2568 920 2623 quoque
932 2552 1087 2622 provehunt

520 2636 553 2688 ln
566 2635 657 2704 majus
669 2654 676 2700 ;
695 2635 770 2689 idem
783 2634 866 2688 odere
878 2635 950 2689 vires

555 2719 647 2772 Omne
659 2717 737 2772 nefas
750 2717 845 2772 animo
857 2727 1008 2772 moventes.

484 2838 577 2892 Testis
589 2854 714 2890 mearum
728 2837 902 2891 centimanus
912 2838 989 2906 Gyas

486 2921 700 2989 Sententiarum,
713 2931 795 2976 notus
808 2930 836 2975 et
845 2922 969 2991 integrae

520 3007 656 3060 Tentator
668 3005 755 3059 Orion
770 3005 888 3073 Dianae,

555 3087 688 3156 Virginea
700 3086 823 3142 domitus
836 3089 945 3157 sagitta

488 3207 597 3277 lnjecta
608 3207 740 3262 monstris
754 3209 841 3262 Terra
853 3208 928 3262 dolet
941 3208 1007 3275 suis,

488 3292 652 3360 Maeretque
664 3300 759 3360 partus
772 3291 887 3346 fulmine
898 3291 1019 3346 luridum

523 3373 626 3426 Missos
639 3374 676 3427 ad
689 3375 812 3440 Orcum;
830 3391 883 3429 nec
895 3374 1003 3445 peredit

558 3456 723 3525 Impositam
733 3458 805 3512 celer
816 3457 889 3527 ignis
901 3460 1023 3513 Aetnam
1034 3478 1041 3525 ;
1139 3491 1142 3496 ·
