2792 4168
613 449 744 492 HORATII
769 447 941 490 CARMINUM

455 577 599 646 Suspiret;
618 577 706 630 eheu!
725 593 761 630 ne
773 574 850 630 rudis
863 575 1007 644 agminum

455 663 581 730 Sponsus
593 661 713 713 lacessat
725 658 818 728 regius
831 675 961 728 asperum

489 746 581 798 Tactu
592 744 711 810 leonem,
724 759 807 812 quem
820 752 936 795 cruenta
1022 739 1024 744 '

526 830 578 881 Per
590 827 698 882 medias
709 826 782 896 rapit
795 825 837 879 ira
849 825 956 879 caedes.

455 985 545 1038 Dulce
558 993 585 1038 et
598 984 730 1048 decorum
743 992 785 1037 est
797 999 848 1053 pro
861 982 952 1052 patria
963 983 1034 1036 mori
1047 1001 1052 1035 :

454 1070 533 1121 Mors
546 1078 574 1121 et
586 1067 714 1136 fugacem
727 1065 901 1136 persequitur
912 1065 1010 1128 virum,

489 1153 515 1204 N
519 1167 550 1204 ec
563 1151 652 1220 parcit
665 1149 785 1203 imbellis
795 1149 928 1218 juventae

524 1234 680 1303 Poplitibus
693 1232 847 1303 timidoque
859 1242 945 1302 tergo.

453 1393 557 1460 Virtus
570 1393 698 1461 repulsae
711 1391 807 1444 nescia
820 1389 957 1458 sordidae,

455 1475 633 1530 Intaminatis
646 1474 732 1542 fulget
745 1473 898 1528 honoribus
912 1494 918 1538 ;

489 1561 515 1612 N
519 1575 550 1612 ec
564 1558 649 1612 sumit
661 1567 709 1611 aut
720 1557 799 1626 ponit
813 1573 923 1610 secures

522 1641 647 1694 Arbitrio
659 1639 801 1709 popularis
814 1656 905 1694 aurae.

453 1799 556 1866 Virtus,
570 1797 715 1851 recludens
728 1797 875 1850 immeritis
887 1797 958 1851 mori

454 1883 577 1948 Caelum,
590 1889 694 1950 negata
705 1888 794 1934 tentat
807 1881 859 1934 iter
871 1880 917 1933 via
927 1898 934 1945 ;

489 1967 647 2034 Coetusque
659 1963 787 2030 volgares
800 1973 828 2017 et
841 1963 926 2017 udam

523 2047 636 2116 Spernit
648 2047 764 2100 humum
776 2046 899 2115 fugiente
911 2063 1011 2116 penna.

454 2207 506 2259 Est
519 2213 546 2258 et
558 2204 633 2258 fideli
646 2213 707 2258 tuta
720 2204 830 2259 silentio

454 2289 571 2342 Merces.
608 2288 727 2355 Vetabo,
740 2287 787 2358 qui
802 2287 910 2342 Cereris
923 2304 1034 2341 sacrum

487 2371 613 2440 Volgarit
626 2388 754 2438 arcanae,
768 2371 820 2425 sub
834 2370 925 2425 isdem

524 2455 566 2509 Sit
579 2455 714 2522 trabibus,
726 2454 888 2524 fragilemve
901 2470 1012 2508 mecum

453 2613 549 2665 Solvat
562 2611 705 2680 phaselon.
745 2612 836 2680 Saepe
850 2611 991 2680 Diespiter

454 2697 480 2748 N
484 2695 607 2762 eglectus
620 2694 727 2747 incesto
740 2693 849 2746 addidit
862 2693 1018 2761 integrum:

490 2779 564 2830 Raro
578 2776 789 2830 antecedentem
802 2775 950 2830 scelestum

525 2859 655 2914 Deseruit
667 2859 738 2928 pede
753 2860 847 2913 Poena
859 2857 968 2912 claudo.
