2804 4176
446 439 540 482 LIBER
562 439 594 481 11.
640 438 752 481 SATIRA
773 438 837 481 VIII.
1005 439 1063 496 229

222 569 340 625 Subtilis
352 576 478 623 veterum
487 566 574 636 judex
586 575 614 621 et
627 566 744 622 callidus
757 566 845 621 audis.

222 654 273 707 Nil
284 669 346 723 ego,
359 651 384 706 si
396 651 483 706 ducor
495 651 553 704 libo
565 649 690 704 fumante
701 668 709 716 ;
728 649 780 703 tibi
792 650 891 719 ingens

221 737 317 790 Virtus
331 743 415 804 atque
427 734 539 788 animus
552 731 647 787 coenis
660 737 808 802 responsat
820 733 941 804 opImis?

222 817 397 888 Obsequium
409 816 513 872 ventris
527 815 596 870 mihi
609 815 791 885 perniciosius
804 825 863 871 est:
884 817 952 870 cur?

221 902 313 970 Tergo
325 901 432 971 plector
444 899 520 954 enIm
533 918 540 964 ;
559 898 606 968 qui
619 907 650 954 tu
662 897 825 968 impunitior
840 898 896 966 illa,

223 985 302 1053 Quae
315 1000 402 1054 parvo
414 983 487 1037 sumi
499 990 650 1052 nequeunt,
663 981 783 1036 obsonia
794 983 912 1051 captas?

223 1069 334 1137 Nempe
346 1066 553 1120 inamarescunt
565 1064 663 1134 epulae
676 1064 736 1118 sine
748 1063 804 1118 fine
814 1064 928 1133 petitae,

223 1150 356 1219 Illusique
368 1149 455 1219 pedes
467 1149 601 1206 vitiosum
613 1150 685 1206 ferre
697 1158 827 1204 recusant

224 1233 339 1302 Corpus.
376 1233 422 1286 An
431 1232 477 1286 hic
490 1241 597 1301 peccat,
610 1234 663 1287 sub
675 1241 788 1286 noctem
801 1233 849 1302 qui
860 1250 930 1302 puer
941 1250 1025 1288 uvam

223 1317 339 1371 FurtIva
350 1325 441 1371 mutat
454 1316 574 1386 strigili?
593 1317 641 1387 qui
653 1316 769 1386 praedia
780 1315 884 1384 vendit,

225 1401 275 1454 Nil
288 1399 395 1467 servile,
407 1400 490 1469 gulae
502 1416 613 1469 parens,
625 1400 732 1454 habet?
767 1399 859 1467 Adde,
871 1399 947 1470 quod
959 1399 1035 1454 idem

225 1485 292 1537 Non
304 1484 404 1538 horam
416 1492 510 1537 tecum
522 1499 584 1538 esse
595 1492 676 1552 potes
689 1502 696 1548 ;
715 1499 772 1537 non
785 1483 843 1537 otia
855 1492 929 1538 recte

224 1567 349 1632 Ponere;
368 1575 451 1636 teque
464 1567 557 1636 ipsum
568 1565 650 1633 vitas,
663 1566 795 1635 fugitivus
808 1577 836 1621 et
849 1583 917 1634 erro,

222 1652 287 1720 Jam
298 1649 364 1703 vino
377 1665 522 1719 quaerens,
532 1649 593 1718 jam
606 1666 705 1705 somno
718 1649 813 1706 fallere
825 1667 938 1706 curam:

225 1735 358 1788 Frustra:
378 1749 445 1786 nam
458 1749 554 1788 comes
566 1741 628 1788 atra
639 1733 741 1803 premit
754 1734 933 1804 sequiturque
945 1733 1080 1803 fugacem.

226 1817 311 1871 Unde
323 1816 393 1871 mihi
402 1816 544 1886 lapidem?
567 1818 709 1886 Quorsum
719 1826 761 1873 est
771 1818 860 1887 opus?
886 1818 968 1874 Unde
977 1818 1113 1888 sagittas?

226 1901 283 1954 Aut
295 1899 399 1954 insanit
411 1900 506 1969 homo,
518 1908 567 1955 aut
579 1917 675 1956 versus
688 1901 764 1955 facit.
803 1900 889 1957 Ocius
898 1902 964 1956 hinc
977 1911 1005 1956 te

226 1983 253 2034 N
256 1982 276 2035 Il
290 1983 374 2053 rapis,
386 1983 505 2038 accedes
517 2000 602 2053 opera
613 2001 682 2054 agro
693 2001 770 2038 nona
782 1985 896 2039 Sabino.
1034 2007 1068 2046 118

696 2459 717 2489 w

576 2392 717 2503 1.ἔο

346 2709 492 2750 Nomentanus
844 2711 920 2752 Varius

355 2830 484 2872 Nasidienus
611 2835 687 2877 Mensa
844 2832 920 2874 Viscus

302 3005 304 3041 Ι
376 2951 463 2992 Porcius
823 2954 943 2996 Fundanius

454 3145 633 3177 annuemus·
646 3147 675 3178 OF
687 3148 736 3178 ΤΗΕ
748 3148 842 3180 cums.

501 3275 666 3330 SATIRA
695 3278 792 3331 VIII.

228 3398 277 3451 UT
291 3395 440 3451 Nasidieni
449 3395 521 3464 juvit
533 3404 561 3452 te
573 3412 662 3452 coena
672 3397 768 3452 beati?

229 3481 305 3533 Nam
317 3479 387 3536 mihi
399 3479 544 3550 quaerenti
556 3480 711 3548 convivam,
724 3481 816 3538 dictus
828 3483 894 3538 here
906 3483 962 3538 illic
1057 3519 1068 3544 2
