2766 4162
406 417 500 458 mauu
521 417 552 457 11.
599 415 729 458 clausu
750 413 824 456 xvn.
1001 400 1037 470 67

297 549 372 618 Quid
384 548 461 602 brevi
474 547 559 600 fortes
569 547 728 617 jaculamur
740 564 809 601 aevo

297 632 405 686 Multa?
425 631 492 701 quid
505 640 592 684 terras
605 629 660 683 alio
673 630 796 684 calentes

297 715 362 768 Sole
373 713 533 767 mutamus?
552 713 659 781 patriae
672 712 733 783 quis
747 713 824 766 exsul

367 797 404 850 Se
416 812 527 867 quoque
540 795 629 864 sugit?

296 921 414 975 Scandit
426 930 536 974 aeratas
548 920 650 975 vitiosa
661 937 748 973 naves

297 1006 378 1072 Cura,
391 1021 443 1058 nec
457 1014 564 1058 turmas
578 1004 703 1073 equitum
716 1002 853 1073 relinquit,

296 1087 380 1140 Ocior
393 1087 490 1153 cervis,
503 1097 530 1140 et
544 1095 644 1155 agente
656 1085 768 1138 nimbos

367 1168 451 1222 Ocior
464 1171 548 1223 Euro.

296 1290 397 1342 Laetus
410 1289 439 1342 in
451 1305 584 1358 praesens
597 1288 716 1355 animus,
730 1287 805 1358 quod
818 1287 889 1340 ultra
902 1295 952 1353 est,

296 1370 393 1426 Oderit
406 1389 510 1438 curare,
523 1382 550 1425 et
563 1388 660 1424 amara
672 1371 747 1424 lento

294 1457 443 1525 Temperet
450 1455 520 1508 risu.
562 1454 642 1507 Nihil
655 1464 696 1507 est
709 1454 745 1507 ab
759 1454 835 1507 omni

365 1539 446 1591 Parte
458 1539 580 1592 beatum.

293 1657 417 1710 Abstulit
430 1657 536 1710 clarum
549 1657 605 1710 cita
617 1674 692 1711 mors
705 1657 844 1712 Achillem
857 1679 864 1722 ;

295 1742 392 1808 Longa
405 1739 559 1793 Tithonum
571 1739 672 1793 minuit
685 1751 813 1795 senectus
826 1761 832 1806 ;

294 1824 332 1876 Et
343 1822 413 1875 mihi
426 1821 528 1888 forsan,
542 1821 592 1875 tibi
606 1821 681 1892 quod
694 1823 810 1891 negarit,

365 1904 490 1973 Porriget
502 1905 579 1958 hora.

293 2025 334 2078 Te
346 2041 444 2093 greges
457 2034 570 2077 centum
584 2025 749 2096 Siculaeque
762 2026 866 2081 circum

294 2107 424 2175 Mugiunt
435 2123 538 2160 vaccae
549 2126 556 2171 3
576 2107 626 2161 tibi
640 2108 711 2161 tollit
722 2108 863 2163 hinnitum

293 2192 371 2260 Apta·
380 2188 522 2259 quadrigis
536 2206 615 2260 equa,
628 2200 656 2244 te
668 2190 711 2244 bis
725 2191 792 2245 Afro

365 2272 472 2326 Murice
486 2272 591 2325 tinctae

293 2393 423 2448 Vestiunt
435 2395 516 2449 lanae
528 2415 533 2448 :
554 2395 624 2448 mihi
636 2413 723 2469 parva
735 2414 799 2450 rura
812 2407 838 2450 et

293 2477 427 2545 Spiritum
442 2479 544 2532 Graiae
556 2488 668 2532 tenuem
683 2481 823 2533 Camenae

294 2561 382 2613 Parca
394 2577 450 2613 non
463 2561 584 2614 mendax
597 2559 682 2629 dedit,
695 2570 723 2614 et
735 2562 889 2631 malignum

363 2644 499 2711 Spernere
512 2644 618 2712 volgus.

451 2968 638 3020 CARMEN
665 2969 771 3020 XVII.

468 3103 511 3142 An
531 3103 753 3146 Mnacsunrnu.
794 3071 797 3075 ¹

328 3215 395 3267 CUR
407 3230 453 3266 me
466 3212 583 3282 querelis
594 3214 736 3267 exanimas
750 3214 825 3268 tuis?

330 3297 390 3349 Nec
406 3295 458 3349 Dis
472 3295 594 3349 amicum
606 3306 656 3362 est,
669 3313 721 3350 nec
734 3297 811 3366 mihi,
824 3308 851 3351 te
864 3299 939 3368 prius

363 3378 457 3445 Obire‚
471 3380 631 3446 Maecenas
644 3396 770 3433 mearum

399 3462 511 3516 Grande
525 3461 609 3517 decus
623 3462 806 3534 columenque
819 3482 917 3518 rerum.
