2748 4138
505 465 563 508 aas
586 464 725 508 normes.
978 466 1035 522 ²93

190 596 313 649 Doctum
326 595 503 664 imitatorem,
517 605 544 650 et
556 596 634 649 vivas
647 596 713 650 hinc
727 595 829 650 ducere
841 613 932 650 voces.

189 680 334 732 Interdum
348 678 475 748 speciosa
487 679 556 732 locis
569 687 732 748 morataque
745 689 820 732 recte

189 761 305 828 Fabula,
318 762 420 815 nullius
433 761 549 829 veneris
563 761 623 814 sine
636 761 760 830 pondere
773 771 800 815 et
813 770 880 828 arte,

188 843 305 897 Valdius
319 844 440 896 oblectat
453 844 587 912 populum
599 844 754 912 meliusque
766 852 898 909 moratur,

192 926 284 994 Quam
296 942 392 980 versus
405 926 502 995 inopes
515 943 615 993 rerum,
628 943 775 996 nugaeque
788 942 915 980 canorae.

190 1007 283 1061 Graiis
296 1008 448 1077 ingenium,
462 1008 554 1062 Graiis
567 1009 645 1062 dedit
658 1025 705 1062 ore
717 1008 837 1062 rotundo

190 1093 275 1144 Musa
286 1093 371 1161 loqui,
383 1101 493 1161 praeter
505 1092 617 1146 laudem
630 1092 733 1146 nullius
746 1092 845 1145 avaris.

190 1175 311 1227 Romani
323 1175 401 1244 pueri
414 1176 505 1244 longis
518 1175 672 1229 rationibus
686 1192 779 1229 assem

190 1257 310 1310 Discunt
323 1258 351 1310 in
364 1267 458 1327 partes
471 1267 584 1312 centum
597 1258 736 1312 diducere.
776 1257 860 1311 Dicat

190 1339 277 1393 Filius
289 1341 393 1408 Albini,
408 1341 438 1395 Si
452 1341 487 1395 de
500 1341 656 1410 quincunce
669 1350 778 1395 remota
791 1351 833 1394 est

191 1423 291 1490 Uncia,
305 1423 372 1492 quid
385 1433 497 1493 superat
509 1426 520 1478 i
558 1426 673 1478 Poteras
687 1424 798 1490 dixisse,
811 1423 919 1477 Triens.
959 1423 1002 1475 Eu
1016 1424 1021 1474 l

190 1507 261 1559 Rem
274 1507 378 1575 poteris
392 1524 502 1561 servare
515 1517 599 1561 tuam.
639 1508 722 1561 Redit
735 1507 825 1574 uncia,
839 1505 906 1576 quid
918 1504 970 1558 fit?

191 1589 289 1644 Semis.
326 1590 365 1643 At
376 1590 447 1644 haec
461 1591 570 1644 animos
583 1607 686 1660 aerugo
700 1600 727 1644 et
741 1607 808 1644 cura
819 1589 910 1659 peculi

192 1674 263 1726 Cum
276 1673 362 1726 semel
375 1673 513 1740 imbuerit,
527 1689 672 1742 speramus
685 1673 810 1727 carmina
823 1672 890 1741 fingi

191 1758 277 1810 Posse
289 1757 404 1811 linenda
416 1757 508 1825 cedro,
521 1767 549 1810 et
561 1757 615 1811 levi
629 1757 767 1810 servanda
779 1757 930 1826 cupresso?

189 1840 246 1893 Aut
259 1839 392 1908 prodesse
403 1840 510 1907 volunt,
523 1848 571 1893 aut
584 1840 723 1894 delectare
735 1845 843 1909 poetae,

189 1923 245 1977 Aut
258 1923 340 1976 simul
354 1932 381 1976 et
390 1923 515 1992 jucunda
528 1932 555 1976 et
568 1923 670 1977 idonea
682 1924 775 1977 dicere
787 1923 868 1976 vitae.

192 2004 335 2074 Quidquid
348 2006 510 2075 praecipieS,
524 2015 584 2060 esto
596 2007 689 2060 brevis
701 2026 708 2071 ;
728 2015 757 2060 ut
770 2007 826 2060 cito
839 2005 915 2060 dicta

192 2087 351 2156 Percipiant
364 2088 450 2141 animi
462 2088 575 2155 dociles,
588 2098 757 2159 teneantque
770 2089 883 2143 fideles:

193 2173 285 2226 Omne
299 2187 502 2238 supervacuum
514 2172 597 2239 pleno
609 2172 645 2224 de
657 2181 769 2241 pectore
781 2181 885 2225 manat.

193 2253 274 2307 Ficta
285 2253 436 2321 voluptatis
450 2269 535 2306 causa
548 2253 604 2306 sint
617 2254 745 2322 proxima
757 2253 830 2306 veris
843 2273 850 2318 ;

193 2338 220 2388 N
224 2352 264 2403 ec,
277 2335 464 2405 quodcunque
476 2336 560 2401 volet,
573 2345 671 2404 poscat
685 2336 739 2389 sibi
752 2335 848 2389 fabula
860 2335 934 2389 credi
948 2355 954 2399 ;

191 2421 255 2472 Neu
268 2434 387 2486 pransae
401 2417 515 2471 Lamiae
527 2417 622 2471 vivum
635 2435 753 2487 puerum
766 2418 893 2471 extrahat
906 2418 976 2470 alvo.

194 2500 342 2555 Centuriae
356 2500 497 2554 seniorum
510 2500 618 2569 agitant
631 2501 756 2570 expertia
768 2499 854 2568 frugis
866 2519 873 2565 ;

194 2583 268 2638 Celsi
281 2591 457 2653 praetereunt
470 2592 582 2636 austera
595 2589 728 2652 poemata
742 2585 883 2636 Ramnes:

195 2669 287 2721 Omne
300 2666 362 2720 tulit
375 2675 510 2735 punctum
523 2665 571 2736 qui
584 2665 696 2720 miscuit
709 2666 776 2719 utile
788 2665 871 2732 dulci,

195 2752 340 2804 Lectorem
352 2748 527 2816 delectando,
541 2749 701 2818 pariterque
713 2748 855 2802 monendo
867 2767 874 2812 ;

195 2833 251 2886 Hic
263 2841 351 2885 meret
364 2848 430 2885 aera
441 2831 512 2884 liber
526 2831 614 2885 Sosiis
628 2851 635 2897 ;
654 2832 700 2885 hic
714 2841 741 2885 et
754 2847 831 2884 mare
844 2831 952 2899 transit,

194 2919 232 2970 Et
243 2916 360 2983 longum
371 2924 438 2968 noto
452 2915 579 2984 scriptori
592 2924 723 2984 prorogat
736 2931 843 2968 aevum.

195 3001 266 3054 Sunt
279 2997 381 3050 delicta
393 3005 488 3050 tamen
501 2998 601 3067 quibus
615 2998 755 3066 ignovisse
767 2996 900 3050 velimus:

195 3083 271 3134 Nam
279 3096 369 3148 neque
378 3079 484 3133 chorda
491 3096 591 3133 sonum
599 3080 690 3133 reddit
699 3097 783 3149 quem
790 3080 848 3133 volt
856 3096 956 3133 manus
965 3088 991 3132 et
999 3095 1087 3144 mens,

194 3162 380 3231 Poscentique
392 3179 507 3230 gravem
520 3179 655 3232 persaepe
667 3163 783 3216 remittit
797 3171 910 3216 acutum
922 3183 928 3226 ;

196 3248 255 3300 Nec
270 3261 380 3314 semper
392 3245 470 3298 feriet
484 3246 670 3315 quodcunque
682 3245 835 3299 minabitur
848 3261 935 3299 arcus.

193 3331 298 3382 Verum
310 3329 358 3382 ubi
371 3329 451 3397 plura
463 3329 553 3382 nitent
567 3329 595 3382 in
609 3329 742 3396 carmine,
755 3345 812 3382 non
825 3345 878 3397 ego
890 3329 987 3397 paucis

195 3413 330 3467 Offendar
341 3411 468 3478 maculis,
482 3428 552 3481 quas
566 3421 613 3465 aut
627 3411 733 3464 incuria
745 3410 824 3478 fudit,

195 3497 251 3550 Aut
264 3497 389 3549 humana
401 3511 500 3565 pamm
513 3495 587 3548 cavit
599 3504 706 3549 natura.
746 3494 820 3564 Quid
833 3511 899 3564 ergo
913 3496 974 3549 est?
1011 3517 1047 3554 353
