2748 4138
333 415 369 472 27
374 417 392 455 0
567 412 701 455 HORnTn
726 412 945 456 EPISTOLARUM

331 545 392 597 Nec
405 542 516 596 veniam
529 542 660 613 antiquiS,
673 542 723 597 sed
736 542 871 597 honorem
884 552 912 596 et
924 542 1050 612 praemia
1062 541 1147 611 posci.

332 628 419 680 Recte
432 641 520 679 necne
533 642 646 680 crocum
659 625 797 697 floresque
810 626 984 696 perambulet
997 627 1081 679 Attae

331 709 440 762 Fabula
452 708 476 762 si
489 708 623 776 dubitem,
637 709 759 762 clament
771 709 887 779 periisse
900 709 1035 778 pudorem

331 791 431 846 Cuncti
444 808 534 861 paene
547 801 640 861 patres
652 811 659 857 ;
679 808 713 845 ea
725 809 790 846 cum
802 791 1006 860 reprehendere
1018 808 1102 846 coner

332 877 411 945 Quae
424 875 516 944 gravis
530 877 666 945 Aesopus,
680 892 752 945 quae
764 875 864 928 doctus
878 875 998 928 Roscius
1010 875 1084 944 egit:

331 959 384 1013 Vel
396 959 462 1029 quia
474 958 514 1012 nil
526 967 642 1025 rectum,
655 957 708 1011 nisi
722 957 798 1027 quod
811 958 916 1027 placuit
929 958 992 1026 sibi,
1005 957 1110 1012 ducunt
1122 979 1128 1020 ;

330 1042 382 1095 Vel
395 1041 461 1112 quia
473 1050 553 1110 turpe
565 1050 666 1110 putant
678 1057 775 1110 parere
787 1041 951 1107 minoribus,
964 1050 991 1094 et
1004 1057 1075 1111 quae

332 1125 476 1178 Imberbes
490 1124 621 1191 didicere,
634 1141 715 1177 senes
728 1123 873 1193 perdenda
884 1123 972 1177 fateri.

330 1208 393 1276 Jam
407 1207 514 1261 Saliare
528 1209 640 1260 Numae
653 1223 766 1260 carmen
779 1206 827 1276 qui
840 1206 945 1273 laudat,
959 1215 987 1260 et
999 1205 1067 1260 illud

332 1291 415 1360 Quod
429 1307 540 1344 mecum
552 1289 672 1359 ignorat,
685 1290 760 1343 solus
773 1290 831 1343 volt
844 1289 915 1343 scire
927 1288 1015 1343 videri
1027 1308 1034 1352 ;

332 1372 455 1442 Ingeniis
469 1389 526 1427 non
539 1373 584 1425 ille
596 1372 670 1426 lavet
683 1371 847 1441 plauditque
860 1372 986 1441 sepultis,

332 1459 439 1510 Nostra
452 1455 501 1510 sed
514 1455 671 1524 impugnat,
684 1471 736 1508 nos
749 1463 900 1524 nostraque
912 1455 1013 1508 lividus
1026 1454 1092 1509 odit.

333 1539 416 1609 Quod
429 1539 452 1593 si
465 1549 524 1592 tarn
539 1538 654 1593 Graecis
667 1538 776 1591 novitas
790 1537 880 1592 invisa
892 1538 992 1593 suisset

333 1625 425 1692 Quam
437 1622 519 1676 nobis
530 1641 537 1686 ;
556 1621 623 1691 quid
636 1637 709 1674 nunc
723 1630 796 1674 esset
808 1621 908 1675 vetus?
928 1630 976 1675 aut
988 1621 1055 1692 quid
1067 1621 1186 1675 haberet

333 1705 416 1774 Quod
428 1706 532 1774 legeret
545 1712 701 1772 tereretque
713 1703 818 1757 viritim
830 1703 960 1773 publicus
972 1705 1059 1758 usus?

333 1790 374 1842 Ut
386 1788 508 1858 primum
520 1787 619 1857 positis
631 1785 730 1855 nugari
745 1786 864 1840 Graecia
875 1787 957 1841 bellis

333 1871 440 1940 Coepit,
454 1878 481 1923 et
494 1869 523 1922 in
535 1869 634 1923 vitium
646 1869 758 1922 fortuna
770 1869 858 1923 labier
870 1885 961 1939 aequa
972 1889 979 1935 ;

333 1956 417 2006 Nunc
430 1952 598 2006 athletarum
611 1951 719 2019 studiis,
732 1968 806 2005 nunc
820 1951 887 2005 arsit
900 1969 1051 2022 equorum:

333 2035 484 2089 Mannoris
497 2043 545 2088 aut
558 2034 649 2088 eboris
662 2034 757 2088 fabros
769 2044 818 2089 aut
830 2035 901 2089 aeris
915 2037 1020 2090 amavit
1032 2057 1038 2100 ;

333 2118 486 2189 Suspendit
497 2118 573 2188 picta
584 2118 691 2172 voltum
703 2128 881 2188 mentemque
894 2120 998 2173 tabella
1008 2139 1015 2183 ;

333 2205 417 2256 Nunc
430 2201 599 2269 tibicinibus,
612 2218 687 2255 nunc
700 2210 743 2255 est
755 2201 853 2270 gavisa
865 2202 1023 2272 tragoedis:

333 2286 392 2340 Sub
405 2285 512 2340 nutrice
524 2285 617 2353 puella
628 2285 703 2338 velut
717 2284 740 2338 si
753 2284 859 2339 luderet
872 2285 973 2352 infans,

334 2367 417 2437 Quod
430 2367 531 2437 cupide
543 2367 631 2437 petiit,
644 2376 752 2420 mature
765 2368 849 2436 plena
860 2367 979 2437 reliquit.

334 2451 408 2520 Quid
420 2451 513 2520 placet
526 2458 575 2503 aut
587 2450 652 2504 odio
666 2459 717 2517 est,
730 2450 805 2520 quod
818 2467 875 2504 non
887 2450 1022 2504 mutabile
1035 2450 1132 2504 credas
1145 2451 1156 2503 ,Ρ

334 2536 398 2587 Hoc
411 2550 495 2603 paces
507 2534 630 2587 habuere
643 2533 742 2600 bonae,
755 2533 886 2603 ventique
899 2533 1021 2587 secundi.

334 2618 441 2670 Romae
454 2615 535 2669 dulce
548 2615 596 2669 diu
608 2614 658 2669 fuit
672 2624 699 2670 et
712 2615 846 2670 sollemne
858 2617 967 2669 reclusa

333 2701 420 2752 Mane
433 2697 517 2754 domo
529 2697 653 2767 vigilare,
666 2698 760 2752 clienti
772 2714 900 2767 promere
910 2698 981 2768 jura,

333 2782 437 2835 Cautos
451 2780 611 2834 nominibus
624 2781 706 2835 rectis
719 2781 875 2851 expendere
887 2798 1025 2848 nummos,

332 2864 457 2934 Majores
471 2863 575 2931 audire,
589 2863 690 2917 minori
703 2863 795 2918 dicere
807 2881 857 2933 per
869 2881 941 2934 quae

333 2948 464 3001 Crescere
476 2964 520 3000 res
533 2956 637 3016 posset,
650 2945 739 2999 minui
752 2947 891 3000 damnosa
902 2947 998 3002 libido.

332 3029 456 3083 Mutavit
467 3038 591 3082 mentem
604 3029 723 3098 populus
735 3029 812 3096 levis,
826 3037 855 3083 et
867 3029 939 3082 calet
952 3047 1008 3082 uno

332 3111 480 3165 Scribendi
493 3111 586 3165 studio
598 3130 605 3175 ;
624 3111 703 3180 pueri
715 3119 864 3180 patresque
877 3111 964 3165 severi

332 3193 444 3248 Fronde
457 3210 552 3248 comas
566 3192 651 3246 vincti
665 3202 793 3260 coenant,
806 3202 833 3246 et
846 3193 972 3246 carmina
984 3193 1100 3247 dictant.

333 3277 397 3345 Ipse
410 3293 471 3344 ego,
485 3276 532 3345 qui
545 3276 635 3331 nullos
648 3292 693 3328 me
706 3275 824 3330 adfirmo
837 3275 957 3330 scribere
969 3293 1073 3342 versuS,

333 3358 464 3412 Invenior
477 3359 587 3412 Parthis
599 3357 761 3412 mendacior
772 3378 779 3424 ;
799 3368 826 3412 et
838 3358 915 3428 prius
928 3368 988 3413 orto

333 3441 400 3497 Solo
411 3440 479 3509 vigil
492 3441 632 3494 calamum
645 3449 673 3494 et
685 3440 797 3494 chartas
811 3451 838 3494 et
851 3441 954 3496 scrinia
966 3457 1059 3510 posco,
1148 3475 1185 3513 113
