2748 4138
400 439 494 482 LIBER
517 440 548 482 Il.
594 439 742 482 EPISTOLA
765 441 784 482 1.
955 441 1013 498 273

173 568 265 638 Quam
278 585 334 622 non
347 568 480 623 adstricto
492 577 635 638 percurrat
646 568 756 639 pulpita
767 586 856 624 socco.

172 652 264 705 Gestit
276 652 351 705 enim
364 668 510 706 nummum
523 651 552 704 in
563 652 669 705 loculos
682 652 827 707 demittere
838 673 845 718 ;
864 653 993 723 posthoc

172 734 299 801 Securus,
312 734 403 802 cadat,
416 752 453 788 an
465 743 541 788 recto
555 743 609 788 stet
620 734 716 788 sabula
728 735 792 789 talo.

173 818 264 886 Quem
276 817 339 871 tulit
352 816 388 870 ad
401 834 514 871 scenam
527 825 643 870 ventoso
657 817 754 871 Gloria
766 834 855 884 curru,

174 899 323 953 Exanimat
336 900 427 953 lentus
440 909 588 969 spectator,
602 899 714 953 sedulus
727 899 822 955 inflat:

173 982 219 1035 Sic
231 980 299 1049 leve,
313 982 353 1036 sic
365 999 483 1052 parvum
495 991 546 1049 est,
559 982 684 1036 animum
697 983 772 1053 quod
784 982 875 1036 laudis
885 998 1000 1036 avarum

173 1064 288 1118 Subruit
300 1073 347 1118 aut
359 1065 455 1126 reficit.
493 1066 592 1118 Valeat
604 1082 648 1119 res
660 1065 776 1132 ludicra,
789 1065 812 1119 si
825 1082 870 1118 me

173 1147 271 1200 Palma
283 1157 386 1216 negata
396 1165 531 1214 macrum,
543 1148 648 1202 donata
661 1147 769 1202 reducit
781 1148 914 1218 opimum.
953 1159 958 1172 ⁴

173 1229 263 1299 Saepe
275 1230 361 1284 etiam
373 1231 509 1285 audacem
521 1229 598 1299 lugat
610 1231 664 1284 hoc
677 1239 815 1300 terretque
827 1236 947 1300 poetam,

174 1312 257 1379 Quod
269 1330 385 1368 numero
397 1314 497 1383 plures,
510 1313 610 1367 virtute
623 1322 650 1367 et
662 1314 767 1366 honore
779 1313 908 1381 minores,

174 1395 284 1450 Indocti
297 1396 453 1467 stolidique,
467 1406 494 1450 et
506 1397 666 1466 depugnare
677 1396 776 1465 parati,

174 1479 204 1533 Si
216 1478 357 1533 discordet
369 1496 462 1550 eques,
474 1479 569 1532 media
581 1479 653 1533 inter
663 1479 789 1532 carmina
800 1488 920 1548 poscunt

172 1563 230 1615 Aut
242 1579 337 1616 ursum
349 1571 398 1616 aut
409 1562 516 1631 pugiles
528 1581 533 1616 :
553 1561 598 1616 his
610 1578 677 1615 nam
689 1562 835 1631 plebecula
846 1561 961 1631 plaudit.

172 1646 278 1698 Verum
289 1645 390 1714 equitis
403 1662 514 1716 quoque
523 1645 584 1715 jam
596 1644 726 1714 migravit
738 1645 775 1698 ab
789 1661 855 1698 aure
867 1645 995 1714 voluptas

174 1729 282 1795 OmniS,
296 1729 332 1783 ad
345 1729 466 1806 incertos
480 1730 576 1783 oculos
589 1737 617 1783 et
629 1729 733 1798 gaudia
744 1745 824 1782 vana.

174 1811 312 1879 Quattuor
324 1822 371 1866 aut
383 1813 476 1882 plures
488 1812 588 1865 aulaea
599 1821 764 1882 premuntur
776 1811 804 1864 in
818 1812 910 1879 horas,

174 1896 251 1949 Dum
262 1895 371 1964 lugiunt
383 1895 509 1966 equitum
521 1903 629 1949 turmae
641 1895 821 1966 peditumque
834 1904 961 1949 catervae
971 1915 979 1956 ;

174 1978 243 2031 Mox
255 1978 374 2032 trahitur
385 1977 515 2032 manibus
528 1995 625 2047 regum
637 1977 748 2032 fortuna
759 1979 869 2032 retortis
881 1997 888 2042 ;

175 2060 285 2113 Esseda
296 2059 436 2128 festinant,
448 2061 562 2130 pilenta,
575 2061 717 2129 petorrita,
729 2077 814 2115 naves
826 2080 833 2126 ;

176 2142 324 2211 Captivum
336 2152 462 2213 portatur
474 2143 551 2209 ebur,
564 2142 675 2212 captiva
688 2143 846 2197 Corinthus.

176 2224 206 2278 Si
218 2224 288 2278 foret
301 2225 330 2278 in
342 2225 433 2292 terris,
445 2224 547 2278 rideret
562 2225 748 2293 Democritus
762 2243 811 2280 seu

176 2306 325 2360 Diversum
338 2307 454 2361 confusa
465 2323 553 2375 genus
565 2307 702 2376 panthera
714 2308 830 2374 came10,

176 2389 241 2443 Sive
253 2390 366 2460 elephas
379 2391 461 2443 albus
473 2389 548 2458 volgi
561 2398 733 2444 converteret
745 2407 810 2443 ora:

177 2473 321 2542 Spectaret
333 2473 467 2543 populum
480 2472 552 2527 ludis
565 2471 698 2526 attentius
711 2472 788 2542 ipsis,

176 2557 218 2610 Ut
231 2555 284 2610 sibi
296 2557 477 2625 praebentem
489 2555 575 2609 mimo
588 2555 747 2624 spectacula
758 2556 854 2624 plura:

177 2638 331 2707 Scriptores
345 2647 439 2692 autem
450 2654 563 2692 narrare
573 2629 684 2707 putaret
697 2639 781 2692 asello

176 2721 323 2775 Fabellam
336 2721 427 2774 surdo.
465 2723 542 2774 Nam
555 2737 626 2791 quae
638 2721 797 2790 pervincere
808 2737 891 2775 voces

177 2806 314 2858 Evaluere
328 2822 436 2871 sonum,
449 2805 570 2859 referunt
582 2811 774 2874 quem'nostra
785 2805 912 2858 theatra?

178 2889 341 2956 Garganum
354 2887 461 2956 mugire
473 2895 555 2956 putes
567 2903 674 2954 nemuS,
688 2896 735 2941 aut
748 2904 825 2941 mare
836 2888 967 2941 Tuscum.

177 2971 270 3022 Tanto
283 2986 347 3023 cum
360 2969 476 3039 strepitu
488 2969 547 3023 ludi
560 2977 729 3038 spectantur,
742 2979 769 3023 et
782 2979 864 3036 artes,

177 3051 354 3121 Divitiaeque
367 3051 536 3120 peregrinae,
549 3051 650 3121 quibus
663 3051 766 3105 oblitus
778 3061 855 3105 actor

177 3140 249 3192 Cum
262 3134 338 3188 stetit
352 3134 380 3188 in
393 3151 485 3201 scena,
500 3134 638 3188 concurrit
650 3134 764 3188 dextera
775 3135 878 3189 laevae.

177 3219 256 3274 Dixit
268 3219 360 3272 adhuc
374 3217 497 3289 aliquid?
517 3218 566 3272 Nil
579 3234 653 3272 sane.
692 3217 769 3287 Quid
780 3219 873 3288 placet
885 3219 968 3288 ergo?
1008 3211 1012 3220 ’

176 3304 255 3356 Lana
266 3302 419 3356 Tarentino
431 3301 519 3356 violas
532 3301 641 3355 imitata
652 3318 769 3356 veneno.

175 3386 218 3439 Ac
230 3402 266 3439 ne
277 3385 348 3440 forte
360 3394 440 3455 putes
453 3401 507 3452 me,
520 3401 591 3455 quae
603 3383 694 3439 facere
707 3384 766 3454 ipse
778 3398 912 3454 recusem,

178 3469 250 3522 Cum
261 3478 336 3523 recte
348 3476 469 3523 tractent
480 3467 536 3536 alii,
548 3466 662 3522 laudare
673 3467 814 3540 maligne3
986 3503 1023 3540 209

593 3586 612 3628 T
