2748 4138
330 401 390 457 268
565 417 697 460 noman
720 417 939 463 urrsronuuun

363 547 431 599 Post
444 545 569 615 ingentia
581 547 656 601 facta
669 549 794 602 Deorum
807 549 836 602 in
849 550 955 618 templa
966 549 1079 618 recepti,

363 630 440 682 Dum
452 637 540 682 terras
552 630 754 701 hominumque
766 632 862 685 colunt
875 649 972 701 genus,
985 648 1085 701 aspera
1096 630 1171 684 bella

363 711 551 781 Componunt,
564 730 647 782 agros
660 713 815 782 assignant,
828 715 933 784 oppida
945 714 1089 779 condunt;

363 795 509 848 Ploravere
522 795 579 849 suis
592 812 649 849 non
661 796 830 865 respondere
842 797 967 851 favorem

362 877 511 946 Speratum
523 878 637 932 meritis.
675 879 775 932 Diram
788 879 837 949 qui
849 879 977 934 contudit
988 879 1117 948 hydram,

363 961 494 1030 Notaque
506 960 585 1014 fatali
597 970 727 1031 portenta
739 963 835 1016 labore
848 963 967 1032 subegit,

363 1045 505 1113 Comperit
517 1044 652 1098 invidiam
665 1061 795 1114 supremo
808 1045 863 1099 fine
876 1045 994 1101 domari.

363 1127 427 1180 Urit
440 1127 515 1181 enim
527 1127 633 1196 fulgore
646 1144 705 1195 suo,
719 1128 766 1198 qui
778 1139 945 1197 praegravat
958 1139 1033 1183 artes

363 1211 440 1263 lnfra
452 1227 482 1264 se
494 1211 618 1280 positas:
638 1210 792 1264 exstinctus
805 1211 945 1265 amabitur
960 1212 1043 1266 idern.

362 1294 505 1347 Praesenti
518 1293 569 1347 tibi
582 1303 707 1347 maturos
719 1293 853 1362 largimur
865 1294 995 1362 honores,

360 1375 554 1444 Jurandasque
566 1384 645 1429 tuum
657 1392 708 1445 per
720 1392 823 1429 nomen
836 1376 967 1446 ponimus
980 1392 1052 1443 aram,

363 1459 412 1511 Nil
425 1458 559 1514 oriturum
572 1458 650 1526 alias,
663 1458 703 1510 nil
715 1467 807 1512 ortum
819 1459 876 1513 tale
888 1459 1016 1513 fatentes.

362 1542 419 1596 Sed
431 1551 495 1596 tuus
508 1541 554 1594 hic
566 1543 694 1611 populuS,
708 1541 820 1610 sapiens
833 1550 861 1596 et
870 1542 962 1611 justus
976 1541 1005 1594 in
1017 1557 1082 1607 uno,

361 1627 403 1679 Te
415 1625 518 1679 nostris
531 1625 660 1692 ducibuS,
671 1633 699 1678 te
714 1625 806 1678 Graiis
819 1625 1009 1692 anteferendo,

363 1708 462 1761 Cetera
474 1724 652 1777 nequaquam
665 1707 749 1760 simili
761 1707 868 1761 ratione
881 1707 1021 1777 modoque

322 1788 324 1792 ’
361 1789 518 1854 Aestimat;
537 1799 573 1856 et,
585 1789 639 1842 nisi
652 1806 725 1860 quae
738 1791 818 1844 terris
832 1799 940 1844 semota
953 1789 1065 1859 suisque

362 1873 548 1942 Temporibus
561 1871 693 1926 defuncta
703 1872 789 1940 videt,
801 1873 908 1926 fastidit
921 1882 948 1926 et
960 1872 1037 1926 odit:

363 1955 410 2009 Sic
422 1955 514 2009 fautor
524 1964 658 2022 veterum,
671 1964 701 2008 ut
714 1956 824 2010 tabulas
837 1973 955 2026 peccare
966 1964 1102 2022 vetanteS,

363 2039 440 2108 Quas
454 2038 499 2092 bis
511 2037 633 2108 quinque
645 2037 697 2090 viri
710 2047 869 2106 sanxerunt,
882 2039 995 2093 foedera
1007 2054 1103 2108 regum

361 2122 414 2176 Vel
428 2121 525 2176 Gabiis
538 2121 582 2174 vel
595 2138 659 2182 cum
671 2121 769 2190 rigidis
782 2131 903 2191 aequata
916 2122 1037 2189 Sabinis

363 2203 530 2258 Pontificum
542 2203 637 2271 libros,
650 2220 758 2258 annosa
770 2204 913 2257 volumina
924 2213 1030 2270 vatum,

362 2286 482 2340 Dictitet
493 2286 604 2340 Albano
618 2288 717 2340 Musas
731 2286 759 2340 in
772 2296 867 2340 monte
880 2287 995 2340 locutas.

363 2369 401 2437 Si,
415 2369 481 2439 quia
495 2371 666 2424 Graecorum
678 2379 743 2422 sunt
756 2369 952 2438 antiquissima
964 2385 1090 2440 quaeque

363 2451 474 2521 Scripta
484 2451 529 2505 vel
541 2451 656 2520 optima,
670 2451 792 2505 Romani
804 2460 957 2521 pensantur
970 2451 1069 2505 eadem

363 2535 518 2604 Scriptores
531 2535 644 2602 trutina,
657 2551 714 2588 non
728 2542 770 2587 est
783 2534 859 2604 quod
871 2535 960 2588 multa
972 2535 1136 2604 loquamur:

363 2618 412 2671 Nil
425 2618 499 2672 intra
511 2626 553 2671 est
566 2618 666 2684 oleam,
679 2617 718 2670 nil
731 2625 809 2670 extra
820 2625 863 2670 est
875 2617 904 2669 in
917 2633 988 2671 nuce
1001 2617 1070 2670 duri.

360 2701 496 2754 Venimus
508 2701 545 2753 ad
558 2716 699 2753 summum
711 2699 855 2753 fortunae:
876 2699 1026 2769 pingimus,
1039 2709 1124 2769 atque

363 2783 520 2851 Psallimus,
533 2791 561 2836 et
575 2783 713 2836 luctamur
724 2782 840 2836 Achivis
853 2782 962 2837 doctius
975 2783 1073 2836 unctis.

362 2868 392 2921 Si
405 2867 521 2920 meliora
533 2865 601 2933 dies,
615 2874 645 2918 ut
657 2865 731 2933 vina,
744 2870 876 2934 poemata
888 2865 988 2932 reddit,

363 2951 439 3005 Scire
451 2949 543 3016 velim,
557 2948 661 3003 chartis
674 2947 794 3018 pretium
807 2958 908 3019 quotus
922 2958 1033 3017 arroget
1045 2965 1142 3003 annus.

362 3033 487 3103 Scriptor
499 3032 602 3086 abhinc
615 3049 704 3086 annos
718 3041 830 3086 centum
843 3032 891 3103 qui
904 3032 1017 3099 decidit,
1031 3032 1103 3086 inter

362 3117 503 3171 Perfectos
516 3124 678 3185 veteresque
690 3114 785 3168 referri
798 3115 902 3170 debet?
922 3132 959 3168 an
972 3115 1044 3168 inter

361 3200 438 3254 Viles
451 3209 535 3269 atque
547 3199 657 3253 novos?
694 3198 835 3252 Excludat
844 3199 938 3268 jurgia
951 3198 1022 3252 finis.

362 3285 414 3337 Est
426 3292 506 3336 vetus
519 3291 603 3352 atque
615 3283 728 3352 probus,
742 3291 855 3336 centum
867 3283 916 3353 qui
928 3281 1037 3352 perficit
1049 3297 1146 3335 annos.

362 3365 455 3435 Quid?
475 3364 522 3435 qui
535 3364 653 3434 deperiit
664 3365 756 3418 minor
769 3382 825 3419 uno
837 3381 935 3419 mense
947 3365 991 3418 vel
1004 3380 1087 3430 anno,

362 3451 439 3502 Inter
451 3463 520 3517 quos
533 3446 693 3501 referendus
705 3446 777 3501 erit?
795 3456 939 3502 veteresne
951 3451 1059 3515 po'e'tas,
1155 3481 1180 3516 4,
