2766 4162
595 463 726 504 HORATII
753 462 924 504 CARMINUM

478 590 631 644 Redditum
646 592 710 659 Cyri
724 591 794 644 solio
807 591 956 657 Phraaten,

479 675 627 728 Dissidens
641 674 724 743 plebi,
738 690 854 727 numero
866 675 1012 728 beatorum

477 757 582 810 Eximit
594 757 698 824 Virtus,
711 757 901 826 populumque
914 753 990 809 falsis

547 840 674 893 Dedocet
687 840 726 893 uti

474 963 598 1017 Vocibus
611 982 617 1026 ;
636 978 754 1030 regnum
767 971 794 1014 et
807 959 939 1014 diadema
951 970 1043 1015 tutum

476 1047 611 1099 Deferens
625 1045 672 1098 uni
684 1043 881 1114 propriamque
893 1045 1011 1110 laurum,

477 1129 609 1198 Quisquis
623 1128 750 1196 ingentes
763 1127 844 1180 oculo
858 1127 990 1180 inretorto

547 1213 661 1280 Spectat
674 1225 796 1263 acervos.

619 1497 807 1550 CARMEN
837 1496 896 1547 ΙΙΙ.

653 1641 696 1680 ΑΙ)
715 1639 866 1681 DELLIUM.

472 1759 609 1825 AEQUAM
629 1769 770 1813 memento
783 1760 865 1813 rebus
879 1759 907 1812 in
921 1759 1015 1811 arduis

475 1844 592 1896 Servare
604 1851 735 1908 mentem,
749 1859 806 1894 non
819 1858 899 1895 secus
912 1841 1035 1894 inbonis

507 1925 553 1978 Ab
567 1925 696 1978 insolenti
709 1934 895 1994 temperatam

546 2008 673 2073 Laetitia,
686 2008 819 2061 moriture
834 2007 916 2067 Delli,

474 2130 529 2181 Seu
542 2138 665 2181 maestus
678 2129 755 2181 omni
768 2138 894 2196 tempore
905 2128 1014 2193 vixeris,

474 2213 528 2264 Seu
542 2220 569 2263 te
583 2211 611 2262 in
624 2220 731 2264 remoto
744 2211 871 2278 gramine
883 2226 933 2279 per
945 2210 1005 2263 dies

509 2295 607 2346 Festos
620 2294 784 2347 reclinatum
797 2293 888 2346 bearis

543 2377 676 2430 interiore
689 2386 757 2430 nota
770 2377 881 2430 Falerni
893 2396 899 2440 ;

474 2498 536 2565 Quo
549 2497 630 2565 pinus
644 2497 742 2564 ingens
755 2497 875 2566 albaque
887 2497 1006 2565 populus

475 2580 612 2632 Umbram
624 2579 792 2648 hospitalem
805 2579 967 2632 consociare
980 2589 1076 2632 amant

509 2662 627 2714 Ramis?
666 2661 740 2730 Quid
753 2662 866 2731 obliquo
879 2661 988 2714 laborat

543 2745 670 2812 Lympha
683 2743 766 2812 fugax
776 2745 916 2813 trepidare
929 2744 1006 2796 rivo?

473 2868 537 2919 Huc
550 2866 616 2918 vina
628 2876 655 2918 et
669 2875 811 2934 unguenta
823 2876 851 2919 et
863 2866 981 2919 nimium
993 2867 1091 2919 breves

471 2949 568 3002 Flores
581 2964 716 3001 amoenae
726 2948 796 3001 serre
806 2949 874 3017 jube
886 2966 974 3015 rosae,

507 3034 584 3084 Dum
596 3048 639 3084 res
652 3040 681 3084 et
692 3041 770 3084 aetas
780 3039 808 3083 et
819 3031 951 3085 Sororum

543 3114 604 3166 Fila
617 3114 700 3167 trium
713 3114 856 3182 patiuntur
869 3123 937 3167 atra.

472 3235 561 3287 Cedes
574 3235 719 3305 coemptis,
733 3235 849 3288 saltibus
862 3244 891 3287 et
903 3234 997 3301 domo,

469 3317 596 3386 Villaque
608 3318 697 3371 flavus
711 3335 796 3388 quam
809 3318 918 3371 Tiberis
931 3319 999 3371 lavit
1010 3338 1016 3382 3

506 3399 614 3462 Cedes;
633 3409 660 3452 et
673 3400 819 3453 exstructis
833 3399 861 3452 in
875 3400 963 3452 altum

541 3481 653 3534 Divitiis
666 3482 787 3551 potietur
799 3482 886 3535 heres
