2804 4176
462 489 555 531 LIBER
578 490 596 531 1.
643 488 790 532 EPISTOLA
813 490 865 532 VII.
1030 489 1086 547 245

248 617 361 672 Reddes
374 617 455 671 dulce
467 615 544 685 loqui
555 634 562 680 ;
581 614 680 669 reddes
693 615 782 669 ridere
794 615 935 684 decorum,
949 625 976 670 et

254 702 330 754 Inter
342 691 408 754 vina
420 701 514 768 fugam
528 699 648 753 Cinarae
659 715 783 752 maerere
795 708 947 769 protervae.

250 784 334 836 Forte
346 799 396 853 per
408 791 558 851 angustam
570 779 660 834 tenuis
673 781 819 849 volpecula
830 781 931 834 rimam

248 867 384 935 Repserat
397 866 425 918 in
439 881 580 918 cumeram
593 863 723 917 frumenti
735 883 742 928 ;
761 872 898 933 pastaque
910 881 1004 920 rursus

250 950 293 1002 Ire
306 949 379 1002 foras
391 949 475 1018 pleno
488 946 622 1001 tendebat
635 963 751 1016 corpore
763 946 881 1002 frustra:

249 1031 300 1085 Cui
313 1032 433 1085 mustela
444 1031 549 1100 procul,
563 1030 594 1083 Si
606 1029 657 1096 vis,
670 1029 717 1097 ait,
730 1030 850 1098 effugere
863 1029 953 1097 istinc,

166 1114 167 1117 ’
249 1115 348 1167 Macra
360 1131 460 1168 cavum
472 1122 580 1182 repetes
593 1122 692 1179 artum,
706 1129 790 1182 quern
802 1129 898 1166 macra
910 1113 1016 1168 subisti.

248 1198 312 1250 Hac
326 1213 378 1265 ego
391 1196 414 1248 si
427 1196 579 1264 campellor
591 1194 722 1264 imagine,
736 1204 837 1248 cuncta
849 1195 977 1264 resigno:

251 1281 312 1332 Nec
326 1295 456 1333 somnum
468 1278 558 1348 plebis
571 1277 664 1344 laudo,
677 1285 754 1332 satur
766 1278 891 1345 altilium,
904 1295 956 1332 nec

251 1363 318 1416 Otia
330 1362 434 1416 divitiis
448 1363 574 1416 Arabum
586 1362 727 1415 liberrima
739 1370 824 1415 muto.

248 1447 338 1515 Saepe
349 1445 537 1500 verecundum
550 1444 670 1498 laudasti
683 1463 689 1509 3
708 1461 810 1514 rexque
822 1453 956 1514 paterque

245 1529 356 1582 Audisti
370 1546 464 1582 coram
476 1547 483 1593 3
502 1545 553 1582 nec
566 1528 652 1582 verbo
665 1527 775 1598 parcius
789 1528 908 1581 absens:

247 1613 366 1683 Inspice,
379 1612 402 1665 si
415 1629 531 1681 possum
544 1611 650 1664 donata
661 1627 795 1680 reponere
807 1611 903 1664 laetus.

246 1695 333 1748 Haud
345 1696 419 1749 male
432 1694 626 1760 Telemachus
638 1693 731 1762 proles
743 1693 875 1762 patientis
890 1693 983 1748 Ulixei
995 1714 1001 1758 ;

247 1779 312 1831 Non
325 1787 368 1832 est
380 1787 462 1847 aptus
475 1777 553 1848 equis
568 1777 665 1830 Ithace
678 1777 764 1838 locuS,
781 1786 810 1829 ut
823 1793 912 1846 neque
924 1777 1016 1846 planis

246 1862 392 1914 Porrectus
405 1860 514 1930 spatiiS,
528 1877 579 1914 nec
592 1859 697 1914 multae
710 1859 843 1928 prodigus
856 1859 976 1914 herbae:

245 1944 351 2010 Atride,
364 1943 455 2012 magis
468 1952 535 2013 apta
547 1943 598 1997 tibi
611 1952 660 1996 tua
672 1942 748 1996 dona
759 1942 922 2012 relinquam.

248 2027 369 2079 Parvum
381 2043 469 2095 parva
481 2027 597 2080 decent:
618 2025 687 2078 mihi
697 2024 758 2093 jam
771 2042 828 2079 non
840 2025 918 2094 regia
930 2028 1030 2094 Roma,

246 2109 303 2164 Sed
315 2125 434 2162 vacuum
448 2109 536 2162 Tibur
548 2109 647 2177 placet,
660 2117 709 2161 aut
722 2108 833 2162 imbelle
846 2110 1007 2164 Tarentum.

250 2193 385 2245 Strenuus
399 2200 426 2244 et
438 2191 526 2258 sortis,
539 2191 685 2260 causisque
700 2190 844 2260 Philippus
857 2193 974 2260 agendIs

249 2276 356 2341 Clarus,
370 2275 407 2328 ab
419 2273 517 2328 officiis
530 2283 658 2327 octavam
672 2273 782 2327 circiter
793 2275 892 2328 horam

246 2359 322 2411 Dum
335 2356 415 2421 redit,
428 2365 512 2426 atque
526 2357 599 2409 Foro
612 2355 730 2408 nimium
743 2355 848 2410 distare
862 2358 978 2412 Carinas

244 2442 307 2508 Jam
320 2439 434 2508 grandis
447 2448 515 2492 natu
528 2438 651 2509 queritur
662 2456 669 2502 ;
688 2439 842 2508 conspexit,
855 2448 885 2492 ut
898 2440 984 2507 aiunt,

245 2524 386 2577 Adrasum
399 2521 541 2592 quendam
553 2537 643 2575 vacua
656 2521 776 2574 tonsoris
790 2521 818 2574 in
832 2523 931 2576 umbra

249 2605 368 2681 ¹Cultello
380 2604 507 2673 proprios
524 2612 690 2673 purgantem
701 2604 801 2658 leniter
813 2621 926 2673 ungues.

247 2688 382 2755 Demetri,
396 2687 474 2756 (puer
486 2688 532 2741 hic
545 2705 602 2742 non
615 2688 693 2741 laeve
702 2687 782 2756 jussa
796 2687 917 2758 Philippi

243 2770 419 2840 Accipiebat)
433 2771 488 2838 abi,
501 2788 611 2842 quaere,
624 2780 651 2824 et
664 2771 752 2837 refer3
773 2772 847 2826 unde
859 2772 944 2827 domo
956 2793 962 2837 ;
982 2776 1043 2844 quis
1059 2796 1064 2840 ;

245 2855 331 2925 Cujus
343 2854 471 2908 fortunae
482 2873 490 2919 3
509 2871 564 2924 quo
577 2854 613 2908 sit
626 2863 713 2923 patre,
726 2872 816 2925 quove
827 2865 953 2924 patrono.

247 2940 281 3004 lt,
294 2937 375 3005 redit,
388 2945 416 2991 et
427 2947 530 3004 narrat,
543 2937 685 2991 Volteium
697 2939 811 2993 nomine
825 2941 949 3008 Menam,

246 3022 427 3087 Praeconem,
441 3021 518 3073 tenui
531 3037 625 3087 censu,
639 3021 698 3074 sine
711 3021 828 3074 crimine
840 3031 956 3088 notum;

245 3105 282 3157 Et
295 3119 443 3174 properare
456 3102 527 3169 loco,
540 3112 568 3157 et
581 3119 700 3170 cessare,
713 3113 741 3157 et
754 3121 894 3174 quaerere,
908 3115 935 3161 et
947 3109 996 3174 uti,

245 3186 422 3240 Gaudentem
435 3184 583 3255 parvisque
598 3185 750 3253 sodalibus,
764 3195 792 3240 et
804 3187 862 3241 lare
874 3199 958 3258 certo,

246 3273 283 3324 Et
296 3270 377 3337 ludis,
391 3279 418 3323 et
430 3277 495 3338 post
507 3269 602 3324 decisa
614 3271 727 3339 negotia
741 3273 866 3340 Campo..

248 3353 350 3408 Scitari
362 3353 431 3408 libet
443 3369 476 3406 ex
490 3352 550 3422 ipso
563 3353 750 3424 quodcunque
761 3353 847 3408 refers
858 3373 863 3409 :
884 3356 929 3412 dic

244 3436 289 3490 Ad
303 3452 420 3491 coenam
431 3435 533 3490 veniat.
573 3438 639 3490 Non
652 3453 720 3490 sane
733 3437 845 3492 credere
859 3440 962 3496 Mena:

248 3519 345 3573 MIrari
358 3535 453 3574 secum
466 3519 574 3574 tacitus.
614 3519 690 3590 Quid
702 3521 810 3576 multa?
848 3523 982 3594 Benigne,
1070 3549 1094 3585 ⁶2
