2804 4176
458 429 551 473 urana
574 431 604 473 n.
652 431 763 474 sx'rmx
786 434 830 475 rrr.
1007 409 1068 490 '207

224 561 299 627 Solo,
312 559 352 613 nil
364 559 450 627 verbi,
462 577 560 630 pereas
573 561 641 631 quin
653 560 767 630 sortiter,
781 562 891 616 addam.

224 645 316 714 Quem
328 644 403 697 mala
415 643 540 710 stultitia,
553 653 580 698 et
593 660 786 715 quemcunque
799 645 910 700 inscitia
922 645 979 699 veri

223 729 346 781 Caecum
358 725 424 795 agit,
436 725 566 780 insanum
580 727 728 796 Chrysippi
740 728 863 797 porticus
876 738 903 782 et
914 745 980 798 grex

220 811 362 864 Autumat
405 810 484 863 Haec
496 809 623 879 populos,
635 809 705 865 haec
718 827 836 880 magnos
848 810 967 866 formula
979 829 1067 882 reges,

222 895 347 961 Excepto
360 892 492 961 sapiente,
505 901 588 946 tenet
630 893 712 947 Nunc
725 893 829 962 accipe,
843 911 928 964 quare

221 975 371 1044 Desipiant
383 991 480 1028 omnes
493 990 581 1045 aeque
593 991 626 1028 ac
640 984 678 1042 tu,
691 975 739 1044 qui
751 975 803 1029 tibi
815 993 918 1030 nomen

222 1060 326 1112 Insano
337 1073 461 1127 posuere.
499 1059 582 1112 Velut
594 1057 679 1125 silvis,
689 1057 737 1112 ubi
749 1057 856 1127 passim

221 1143 351 1196 Palantes
364 1156 439 1194 error
451 1149 527 1194 certo
541 1141 576 1195 de
589 1140 700 1194 tramite
712 1141 797 1210 pellit,

220 1225 271 1279 llle
284 1224 481 1290 sinistrorsum,
493 1223 539 1276 hic
553 1222 727 1277 dextrorsum
739 1223 798 1276 abit
809 1242 817 1288 ;
836 1241 906 1278 unus
920 1226 1028 1297 utrique

219 1309 312 1375 Error,
325 1308 374 1362 sed
386 1308 470 1362 variis
482 1307 572 1361 illudit
584 1306 727 1377 partibus:
747 1307 800 1361 hoc
813 1316 841 1360 te

221 1391 310 1445 Crede
322 1391 408 1445 modo
420 1391 557 1457 insanum,
571 1389 658 1443 nihilo
670 1399 701 1443 ut
714 1389 865 1459 sapientior
875 1390 930 1459 ille,

222 1475 276 1544 Qui
289 1473 444 1541 te'deridet,
456 1474 577 1528 caudam
589 1474 689 1527 trahat.
727 1475 779 1526 Est
791 1490 878 1541 genus
892 1491 978 1529 unum

219 1557 359 1612 Stultitiae
371 1557 488 1611 nihilum
500 1556 650 1611 metuenda
663 1555 795 1623 timentis,
808 1566 838 1609 ut
850 1556 937 1626 ignes,

219 1641 260 1695 Ut
272 1657 354 1711 rupes
366 1640 519 1711 fluviosque
532 1640 561 1693 in
574 1656 674 1708 campo
687 1639 799 1693 obstare
812 1649 960 1709 queratur:

216 1724 342 1777 Alterum
355 1732 383 1777 et
394 1723 459 1777 huic
471 1739 568 1776 varum
581 1730 608 1776 et
620 1721 707 1775 nihilo
720 1721 883 1790 sapientius,
893 1723 972 1791 ignes

217 1807 270 1859 Per
282 1805 389 1859 medios
401 1804 555 1875 fluviosque
566 1804 671 1858 ruentis
682 1823 690 1869 ;
708 1805 810 1859 clamet
822 1804 923 1873 amicat

217 1888 317 1955 Mater,
329 1888 448 1941 honesta
460 1904 537 1941 soror
549 1903 614 1941 cum
626 1887 762 1956 cognatis,
774 1897 861 1956 pater,
874 1905 958 1942 uxor:

217 1969 273 2022 Hic
285 1969 361 2024 fossa
372 1979 415 2024 est
427 1970 525 2039 ingens
537 1973 543 2023 l
562 1969 608 2023 hic
620 1986 703 2039 rupes
715 1970 837 2023 maxima
851 1973 857 2023 !
877 1987 956 2024 serva
968 1974 974 2025 l

217 2053 284 2105 Non
296 2052 386 2121 magis
398 2052 516 2107 audierit
529 2069 613 2122 quam
627 2052 721 2106 Fufius
734 2053 825 2107 ebrius
840 2053 913 2116 olim,

217 2135 288 2188 Cum
303 2135 421 2192 Ilionam
433 2135 561 2201 edonnit,
574 2135 698 2189 Catienis
710 2136 786 2188 mille
799 2136 934 2204 ducentis,

216 2217 232 2244 “
241 2218 334 2270 Mater
345 2225 373 2270 te
385 2217 503 2286 appello,
508 2218 522 2244 ''
535 2217 727 2271 clamantibus.
766 2217 840 2271 Huic
854 2235 906 2286 ego
919 2220 1015 2288 volgus

216 2299 310 2354 Errori
323 2299 443 2353 similem
455 2309 586 2353 cunctum
599 2299 720 2353 insanire
732 2299 847 2354 docebo.

216 2382 325 2436 Insanit
336 2390 442 2436 veteres
456 2390 561 2436 statuas
575 2381 765 2450 Damasippus
777 2383 896 2436 emendo
908 2401 913 2435 :

216 2465 328 2534 Integer
339 2473 382 2519 est
394 2465 495 2519 mentis
509 2464 675 2534 Damasippi
687 2463 828 2520 creditor?
864 2466 941 2519 Esto.

214 2548 342 2617 “Accipe
354 2548 428 2619 quod
441 2564 584 2618 nunquam
596 2546 698 2601 reddas
710 2547 788 2613 mihi,
793 2547 807 2573 ''
819 2547 843 2600 si
855 2548 906 2601 tibi
919 2547 1019 2615 dicam,

214 2631 295 2685 Tune
307 2631 421 2685 insanus
434 2631 496 2698 eris,
506 2631 529 2684 si
542 2629 702 2699 acceperis?
721 2646 757 2683 an
769 2629 859 2699 magis
872 2647 976 2698 excors,

213 2714 329 2784 Rejecta
340 2714 452 2785 praeda,
466 2730 550 2784 quam
561 2729 693 2784 praesens
707 2713 861 2768 Mercurius
873 2713 945 2767 fert?

214 2796 311 2851 Scribe
323 2797 421 2850 decern
433 2815 451 2850 a
464 2796 551 2850 Nerio
562 2816 569 2862 ;
587 2805 700 2850 nonest
712 2796 780 2850 satis
792 2815 799 2861 ;
817 2795 890 2850 adde
904 2796 1018 2851 Cicutae

215 2879 324 2933 Nodosi
336 2880 446 2934 tabulas
459 2888 578 2947 centum,
591 2879 666 2933 mille
679 2878 751 2933 adde
764 2889 894 2934 catenas:

212 2962 333 3032 Effugiet
345 2971 439 3016 tamen
452 2963 521 3016 baec
533 2964 683 3018 sceleratus
694 2963 805 3016 vincula
819 2963 941 3018 Proteus.

213 3047 284 3100 Cum
296 3046 387 3115 rapies
400 3045 429 3098 in
438 3046 484 3115 jus
496 3046 578 3102 malis
590 3046 727 3100 ridentem
740 3045 846 3112 alienis,

211 3128 273 3183 Fiet
285 3145 360 3197 aper,
369 3128 454 3183 modo
466 3128 534 3195 avis,
543 3128 629 3182 modo
642 3145 740 3182 saxum
753 3137 788 3195 et,
799 3145 862 3181 cum
874 3128 956 3195 volet,
965 3129 1054 3184 arbor.

212 3213 242 3267 Si
254 3214 327 3267 male
339 3229 398 3266 rem
410 3229 504 3281 gerere
516 3212 608 3266 insani
620 3221 671 3279 est,
684 3221 782 3268 contra
793 3211 873 3278 bene,
886 3212 947 3265 sani
958 3232 965 3278 ;

211 3297 337 3352 Putidius
349 3297 437 3350 multo
449 3296 594 3350 cerebrum
606 3305 656 3362 est,
670 3294 739 3348 mihi
751 3294 842 3362 crede,
855 3295 947 3348 Perilli

210 3379 359 3448 Dictantis,
372 3379 447 3449 quod
459 3388 489 3434 tu
501 3395 646 3449 nunquam
657 3377 809 3432 rescribere
821 3377 920 3448 possis,

208 3462 321 3531 Audire,
333 3472 418 3534 atque
429 3473 524 3533 togam
533 3462 620 3536 jubeo
633 3477 808 3531 componere,
821 3460 945 3536 quisquis
1032 3495 1055 3535 7⁷
