2766 4162
583 470 714 512 HORATII
736 467 908 512 CARMINUM

571 799 741 854 CARMEN
774 799 922 852 XXXIV.

465 948 590 1001 PARCUs
602 946 719 999 deorum
732 946 821 998 cultor
834 952 861 996 et
874 943 1042 1012 infrequens

465 1029 633 1083 Insanientis
647 1029 715 1082 dum
728 1027 881 1097 sapientiae

502 1114 653 1168 Consultus
667 1129 736 1179 err0,
750 1128 825 1165 nunc
838 1120 990 1164 retrorsum

537 1198 609 1250 Vela
620 1197 696 1262 dare,
709 1204 792 1265 atque
805 1194 905 1247 iterare
919 1210 1014 1246 cursus

465 1321 557 1387 Cogor
569 1318 679 1371 relictos
693 1335 698 1370 ι
719 1332 841 1387 namque
855 1314 1004 1383 Diespiter,

466 1402 527 1470 lgni
541 1417 657 1454 corusco
670 1398 767 1452 nubila
779 1396 907 1450 dividens

498 1486 673 1553 Plerumque,
685 1498 735 1551 per
746 1497 848 1550 purum
861 1488 991 1532 tonantes

536 1567 602 1635 Egit
615 1581 702 1636 equos
714 1564 911 1633 volucremque
924 1577 1036 1614 currum
1049 1579 1055 1624 ;

467 1691 529 1758 Quo
542 1688 624 1741 bruta
636 1686 726 1752 telluS‚
740 1694 767 1738 et
780 1702 853 1753 vaga
866 1684 990 1749 flumina,

465 1776 528 1842 Quo
542 1774 619 1840 Styx,
633 1779 660 1823 et
672 1770 755 1823 invisi
768 1768 882 1823 horrida
895 1767 1015 1821 Taenari

501 1854 596 1921 Sedes,
609 1853 813 1923 Atlanteusque
825 1851 890 1904 finis

534 1936 704 1991 Concutitur.
742 1936 825 1988 Valet
839 1935 897 1987 ima
910 1933 1026 1987 summis

466 2060 586 2124 Mutare,
600 2066 627 2109 et
641 2055 780 2124 insignem
794 2063 920 2109 attenuat
933 2054 1002 2107 deus

466 2142 595 2196 Obscura
608 2155 739 2209 promens
752 2158 757 2192 :
778 2138 844 2192 hinc
858 2138 967 2208 apicem
979 2154 1065 2207 rapax

501 2225 626 2276 Fortuna
638 2238 704 2275 cum
717 2221 835 2275 stridore
848 2231 931 2275 acuto

535 2305 660 2372 Sustulit,
673 2305 720 2357 hic
732 2305 861 2373 posuisse
874 2304 984 2374 gaudet.

575 2615 765 2671 CARMEN
797 2611 922 2664 XXXV.

629 2761 672 2802 AD
694 2756 876 2802 FORTUNAM.

468 2885 492 2937 O
508 2885 598 2947 DivA,
611 2888 722 2949 gratum
736 2893 808 2948 quae
820 2875 894 2944 regis
906 2873 1031 2938 Antium,

471 2968 608 3019 Praesens
621 2963 666 3015 vel
678 2961 736 3014 imo
749 2960 846 3013 tollere
858 2958 894 3012 de
906 2957 995 3026 gradu

503 3048 625 3102 Mortale
637 3061 748 3113 corpus,
761 3043 806 3096 vel
818 3041 954 3111 superbos

536 3135 651 3186 Vertere
663 3129 808 3184 funeribus
821 3126 996 3195 triumphos:

466 3255 508 3306 Te
520 3269 626 3322 pauper
638 3252 728 3306 ambit
741 3250 862 3305 sollicita
873 3265 955 3318 prece

468 3337 552 3389 Ruris
566 3336 682 3389 colonus
694 3354 701 3400 ;
720 3344 748 3389 te
760 3333 905 3388 dominam
918 3329 1055 3400 aequoris,

505 3419 670 3488 Quicunque
684 3419 809 3487 Bithyna
820 3413 933 3469 lacessit

540 3501 723 3568 Carpathium
736 3501 851 3568 pelagus
864 3495 967 3551 carina.
