2792 4168
474 441 575 484 urana.
620 441 751 485 CARMEN
773 441 823 485 xv.
1016 443 1074 503 159

499 647 686 702 CARMEN
718 647 804 702 XIV.

506 780 550 823 nn
568 780 795 824 MAECENATEM.

327 889 455 944 Motus
468 889 568 943 inertia
579 906 629 943 cur
641 898 750 944 tantam
762 889 904 944 diffuderit
917 891 980 946 imis

367 972 546 1028 Oblivionem
558 972 696 1040 sensibuS,

332 1056 437 1110 Pocula
450 1056 587 1110 Lethaeos
599 1065 631 1110 ut
642 1055 667 1109 si
679 1055 811 1112 ducentia
822 1073 936 1112 somnos

365 1139 470 1192 Arente
482 1137 562 1192 fauce
575 1137 714 1205 traxerim,

269 1230 272 1234 ·
332 1219 458 1275 Candide
472 1221 633 1289 Maecenas,
646 1219 752 1276 occidis
764 1236 849 1290 saepe
861 1221 1004 1290 rogando:

366 1305 453 1371 Deus,
466 1303 536 1358 deus
548 1321 615 1357 nam
627 1321 673 1359 me
684 1311 762 1360 vetat

333 1387 472 1456 lnceptos,
485 1386 553 1441 olim
565 1386 735 1456 promissum
747 1403 869 1454 carmen,
879 1387 992 1457 jambos

366 1469 413 1524 Ad
425 1470 590 1524 umbilicum
602 1469 750 1524 adducere.

331 1553 399 1607 Non
411 1552 493 1607 aliter
505 1552 602 1607 Samio
615 1552 712 1608 dicunt
724 1551 827 1608 arsisse
840 1553 972 1622 Bathyllo

365 1637 545 1690 Anacreonta
557 1637 659 1690 Telum
670 1654 677 1700 ;

331 1717 387 1788 Qui
399 1734 534 1788 persaepe
546 1734 618 1772 cava
628 1717 769 1773 testudine
781 1717 857 1773 flevit
869 1734 994 1773 amorem

366 1803 433 1856 Non
446 1801 621 1856 elaboratum
634 1800 671 1855 ad
683 1801 793 1872 pedem.

331 1883 428 1938 Ureris
441 1883 501 1954 ipse
513 1884 617 1949 miser;
635 1883 737 1955 quodsi
749 1901 806 1939 non
818 1883 961 1954 pulchrior
973 1885 1045 1955 ignis

365 1966 503 2022 Accendit
516 1966 662 2021 obsessam
676 1966 757 2035 Ilion,

332 2049 432 2105 Gaude
444 2059 518 2104 sorte
531 2058 580 2104 tua
592 2068 599 2114 3
618 2066 664 2103 me
676 2049 814 2118 libertina,
827 2066 918 2122 neque
930 2068 986 2106 uno

368 2132 516 2199 Contenta,
530 2131 641 2202 Phryne
652 2142 784 2188 macerat

516 2340 694 2394 CARMEN
726 2340 792 2395 XV.

541 2472 585 2514 An
604 2471 765 2514 umnam.

333 2580 407 2634 Nox
418 2588 487 2648 erat,
499 2588 528 2634 et
540 2581 618 2635 caelo
630 2579 754 2650 fulgebat
768 2580 849 2634 Luna
860 2596 958 2635 sereno

368 2664 445 2718 luter
456 2663 566 2718 minora
578 2663 678 2731 sidera,

334 2748 405 2802 Cum
418 2756 456 2814 tu,
470 2763 636 2822 magnorum
648 2763 752 2801 numen
764 2747 876 2802 laesura
887 2746 1012 2814 deorum,

367 2831 402 2885 In
414 2830 500 2884 verba
508 2829 624 2901 jurabas
636 2847 709 2897 mea,

330 2915 427 2969 Artius
439 2922 524 2985 atque
535 2913 641 2968 hedera
651 2929 769 2984 procera
780 2912 963 2982 adstringitur
974 2914 1036 2982 ilex,
1136 2909 1144 2922 ”

368 2997 463 3053 Lentis
476 2997 631 3052 adhaerens
643 2995 784 3052 brachiis:

332 3082 409 3135 Dum
420 3080 515 3150 pecori
527 3081 617 3150 lupus,
630 3090 658 3137 et
670 3080 764 3135 nautis
777 3078 895 3135 infestus
907 3080 995 3135 Orion

366 3163 505 3218 Turbaret
517 3161 666 3217 hibernum
678 3179 764 3231 mare,

332 3246 505 3317 Intonosque
517 3245 635 3315 agitaret
647 3245 786 3316 Apollinis
797 3261 866 3300 aura
877 3245 1002 3315 capillos,

367 3330 440 3383 Fore
451 3329 526 3382 hunc
539 3345 665 3383 amorem
676 3338 812 3383 mutuum.

332 3412 357 3466 Ο
370 3411 491 3466 dolitura
502 3426 566 3464 mea
577 3411 697 3465 multum
708 3410 818 3479 virtute,
833 3412 945 3467 Neaera
955 3431 963 3478 ;

368 3495 445 3550 Nam
458 3493 482 3549 si
494 3493 562 3566 quid
575 3493 604 3548 in
617 3493 720 3550 Flacco
732 3493 784 3552 viri
796 3501 847 3564 est,
