2792 4168
439 457 533 499 LIBER
555 455 593 500 IV.
641 455 772 500 CARMEN
796 456 864 500 XIII.
1018 456 1074 515 135

495 763 681 816 CARMEN
716 761 812 814 XIII.

564 907 608 948 AD
626 906 738 949 LYCEN.

332 1031 507 1098 Auorvnnn,
521 1031 603 1099 Lyce,
616 1030 645 1084 di
658 1047 722 1084 mea
733 1039 808 1097 vota,
822 1029 851 1083 di

332 1113 479 1176 Audivere,
496 1115 585 1182 Lyce:
606 1113 639 1166 fis
653 1131 732 1181 anus,
745 1123 772 1166 et
784 1123 880 1166 tamen

367 1196 417 1250 Vis
430 1196 553 1250 formosa
565 1196 663 1264 videri,

404 1279 553 1351 Ludisque,
566 1288 594 1333 et
606 1279 680 1333 bibis
694 1279 851 1348 impudens,-

334 1401 371 1453 Et
384 1409 467 1455 cantu
480 1401 599 1455 tremulo
611 1410 679 1471 pota
692 1399 860 1469 Cupidinem

333 1484 453 1538 Lentum
465 1484 605 1538 sollicitas
645 1484 695 1536 Ille
707 1481 821 1536 virentis
834 1491 862 1535 et

368 1568 478 1621 Doctae
490 1567 608 1636 psallere
624 1566 710 1620 Chiae

403 1650 529 1704 Pulchris
539 1650 659 1704 excubat
672 1649 701 1702 in
713 1647 802 1718 genis.

333 1771 513 1839 Importunus
525 1767 602 1824 enirn
614 1770 770 1824 transvolat
783 1768 876 1822 aridas

334 1853 467 1922 QuercuS,
481 1863 509 1908 et
521 1853 622 1922 refugit
634 1863 671 1920 te,
683 1853 750 1924 quia
761 1851 845 1907 luridi

367 1937 475 1990 Dentes
488 1945 524 2003 te'‚
538 1936 604 2007 quia
615 1953 701 2006 rugae

402 2019 530 2088 Turpant
543 2027 570 2072 et
583 2020 684 2088 capitIs
697 2019 784 2073 nives.

333 2139 394 2191 Nec
409 2140 483 2192 Coae
495 2138 616 2192 referunt
626 2140 686 2208 jann
699 2139 750 2194 tibi
763 2156 902 2214 purpurae

332 2221 359 2272 N
362 2236 394 2274 ec
407 2220 475 2273 clari
486 2220 594 2290 Iapides
607 2231 743 2290 tempora,
755 2239 827 2292 quae
841 2221 928 2276 semel

368 2303 452 2356 Notis
465 2303 580 2356 condita
591 2303 671 2358 fastis

403 2386 520 2440 Inclusit
531 2386 652 2440 volucris
665 2386 734 2441 dies.

332 2507 395 2576 Quo
407 2505 479 2575 fugit
490 2507 599 2560 venus?
617 2508 690 2561 heu!
710 2524 800 2578 quove
814 2508 910 2562 color?
928 2507 1031 2562 decens

332 2590 395 2660 Quo
408 2589 519 2643 motus?
539 2589 606 2660 quid
618 2590 707 2644 habes
719 2591 803 2658 illius,
815 2590 896 2658 illius,

367 2673 447 2742 Quae
460 2673 584 2742 spirabat
596 2690 714 2742 amores,

330 2750 333 2760 ’
402 2757 482 2826 Quae
494 2773 540 2810 me
553 2766 698 2828 surpuerat
710 2757 800 2811 mihi?

332 2878 411 2933 Felix
422 2888 486 2948 post
500 2879 640 2947 CInaram,
653 2889 775 2950 notaque
788 2887 816 2933 et
828 2878 929 2932 artium

332 2964 483 3016 Gratarum
494 2961 597 3017 facies:
619 2963 669 3016 sed
683 2963 802 3018 Cinarae
814 2963 912 3016 breves

366 3047 464 3099 Annos
477 3044 535 3099 sata
547 3046 692 3114 dederunt,

401 3129 552 3183 Servatura
563 3129 611 3183 diu
623 3146 720 3198 parem

332 3249 458 3305 Cornicis
470 3251 580 3304 vetulae
592 3249 765 3319 temporibus
779 3249 871 3318 Lycen
882 3268 890 3315 3

331 3335 451 3388 Possent
464 3342 495 3387 ut
503 3333 621 3403 juvenes
633 3333 723 3387 vIsere
734 3332 842 3402 fervidi,

368 3417 460 3471 Multo
472 3433 530 3470 non
543 3416 603 3470 sine
614 3416 680 3483 risu,

402 3500 551 3570 Dilapsarn
564 3499 592 3553 in
605 3499 712 3554 cineres
725 3498 822 3554 Iacern
