2766 4162
424 433 518 475 LIBER
540 433 559 476 1.
606 431 737 476 CARMEN
760 432 809 475 XV.
1003 437 1036 474 21

299 561 428 630 Aequor?
446 577 504 615 non
516 559 567 614 tibi
581 568 646 614 sunt
657 559 766 630 integra
775 559 872 628 lintea,
885 566 887 570 ’

301 644 367 698 Non
381 643 427 710 Di,
441 660 511 714 quos
524 644 625 698 iterum
637 660 735 713 pressa
745 660 829 699 voces
841 644 923 698 malo.

337 727 471 796 Quamvis
485 726 602 780 Pontica
614 727 705 796 pinuS,

371 807 463 862 Silvae
475 808 533 862 filia
544 809 655 876 nobilis,

298 966 392 1034 Jactes
405 973 433 1019 et
442 982 529 1034 genus
543 974 570 1020 et
582 983 686 1019 nomen
698 965 796 1020 inutile
808 986 815 1031 3

300 1047 350 1102 Nil
361 1048 443 1118 pictis
456 1049 571 1103 timidus
583 1049 679 1103 navita
690 1049 830 1120 puppibus

336 1132 419 1185 Fidic
456 1134 509 1200 Tu,
522 1132 576 1185 nisi
588 1133 680 1186 ventis

370 1216 464 1270 Debes
477 1215 637 1283 ludibrium,
649 1231 724 1269 cave.

302 1373 399 1441 Nuper
410 1372 560 1427 sollicitum
573 1390 644 1443 quae
656 1372 726 1427 mihi
739 1372 871 1440 taedium,

302 1456 329 1508 N
332 1472 385 1509 unc
398 1454 569 1509 desiderium
581 1472 703 1526 curaque
715 1472 772 1510 non
785 1455 862 1523 levis,

336 1538 474 1593 Interiusa
486 1539 606 1592 nitentes

369 1621 447 1676 Vites
460 1637 583 1692 aequora
596 1621 742 1691 Cycladas.

479 2095 669 2149 CARMEN
695 2096 759 2149 XV.

284 2262 380 2305 unum
398 2263 590 2307 vnmcnuuu
609 2265 652 2306 nn
670 2263 801 2307 Excmro
820 2264 944 2320 monn

299 2411 422 2464 PASTOR
434 2427 499 2464 cum
511 2411 633 2464 traheret
644 2426 695 2479 per
706 2409 777 2464 freta
788 2410 906 2464 navibus

300 2492 393 2546 Idaeis
407 2494 534 2547 Helenen
546 2493 668 2563 perfidus
680 2492 831 2562 hospitam,

301 2577 415 2646 Ingrato
428 2577 531 2631 celeres
544 2576 636 2631 obruit
649 2576 706 2631 otio

366 2661 481 2728 Ventos,
494 2669 525 2715 ut
537 2670 649 2714 caneret
661 2658 720 2714 fera

301 2807 408 2871 Nereus
422 2817 487 2872 sata
526 2818 605 2871 Mala
617 2817 696 2872 ducis
710 2817 754 2871 avi
767 2818 890 2885 domum,

298 2900 391 2968 Quam
402 2901 491 2954 multo
503 2910 608 2970 repetet
623 2900 742 2956 Graecia
753 2901 849 2968 milite,

298 2981 451 3052 Conjurata
463 2992 525 3036 tuas
538 3001 667 3053 rumpere
679 2983 801 3053 nuptias,

369 3069 407 3122 Et
419 3083 536 3135 regnum
549 3067 654 3120 Priami
666 3076 754 3121 vetus·

297 3223 363 3278 Heu
374 3224 429 3279 heu
441 3225 448 3278 l
467 3233 589 3294 quantus
601 3223 689 3294 equis,
701 3231 823 3293 quantus
837 3224 916 3280 adest
928 3224 994 3279 viris

298 3307 389 3362 Sudor
402 3311 409 3362 l
428 3316 534 3378 quanta
547 3323 642 3361 moves
655 3304 753 3360 funera
766 3307 917 3372 Dardanae

298 3390 382 3445 Genti
396 3393 402 3445 l
438 3392 501 3460 Jam
514 3390 624 3459 galeam
637 3390 729 3444 Pallas
742 3398 770 3443 et
782 3391 883 3460 aegida'

368 3475 526 3544 Curiusque
538 3482 567 3528 et
579 3473 686 3528 rabiem
699 3482 787 3543 parat.
