<?xml version="1.0" encoding="UTF-8"?>
<!DOCTYPE html PUBLIC "-//W3C//DTD XHTML 1.0 Transitional//EN"
    "http://www.w3.org/TR/xhtml1/DTD/xhtml1-transitional.dtd">
<html xmlns="http://www.w3.org/1999/xhtml" xml:lang="en" lang="en">
 <head>
  <title>
</title>
<meta http-equiv="Content-Type" content="text/html;charset=utf-8" />
  <meta name='ocr-system' content='tesseract 3.04.00' />
  <meta name='ocr-capabilities' content='ocr_page ocr_carea ocr_par ocr_line ocrx_word'/>
</head>
<body>
  <div class='ocr_page' id='page_1' title='image "./quintihoratiifl00milmgoog_0128.png"; bbox 0 0 2792 4168; ppageno 0'>
   <div class='ocr_carea' id='block_1_1' title="bbox 418 409 1066 475">
    <p class='ocr_par' dir='ltr' id='par_1_1' title="bbox 418 409 1066 475">
     <span class='ocr_line' id='line_1_1' title="bbox 418 409 1066 475; baseline 0.008 -24"><span class='ocrx_word' id='word_1_1' title='bbox 418 409 511 452; x_wconf 88' lang='lat' dir='ltr'>LIBER</span> <span class='ocrx_word' id='word_1_2' title='bbox 534 410 578 455; x_wconf 91' lang='lat'>111.</span> <span class='ocrx_word' id='word_1_3' title='bbox 626 410 758 455; x_wconf 81' lang='lat' dir='ltr'><strong>CARMEN</strong></span> <span class='ocrx_word' id='word_1_4' title='bbox 781 413 865 456; x_wconf 88' lang='lat' dir='ltr'><strong>XXIV.</strong></span> <span class='ocrx_word' id='word_1_5' title='bbox 1011 415 1066 475; x_wconf 81' lang='lat'><strong>105</strong></span> 
     </span>
    </p>
   </div>
   <div class='ocr_carea' id='block_1_2' title="bbox 395 540 927 861">
    <p class='ocr_par' dir='ltr' id='par_1_2' title="bbox 396 540 899 610">
     <span class='ocr_line' id='line_1_2' title="bbox 396 540 899 610; baseline 0.008 -17"><span class='ocrx_word' id='word_1_6' title='bbox 396 541 457 594; x_wconf 91' lang='lat' dir='ltr'><strong>Nec</strong></span> <span class='ocrx_word' id='word_1_7' title='bbox 469 540 648 610; x_wconf 85' lang='lat' dir='ltr'><strong>pestilentem</strong></span> <span class='ocrx_word' id='word_1_8' title='bbox 660 541 762 596; x_wconf 88' lang='lat' dir='ltr'><strong>sentiet</strong></span> <span class='ocrx_word' id='word_1_9' title='bbox 772 542 899 597; x_wconf 86' lang='lat' dir='ltr'><strong>Africum</strong></span> 
     </span>
    </p>

    <p class='ocr_par' dir='ltr' id='par_1_3' title="bbox 395 623 907 697">
     <span class='ocr_line' id='line_1_3' title="bbox 395 623 907 697; baseline 0.01 -21"><span class='ocrx_word' id='word_1_10' title='bbox 395 623 528 677; x_wconf 89' lang='lat' dir='ltr'><strong>Fecunda</strong></span> <span class='ocrx_word' id='word_1_11' title='bbox 541 623 613 692; x_wconf 91' lang='lat' dir='ltr'><strong>vitis,</strong></span> <span class='ocrx_word' id='word_1_12' title='bbox 627 640 678 678; x_wconf 91' lang='lat' dir='ltr'><strong>nec</strong></span> <span class='ocrx_word' id='word_1_13' title='bbox 692 625 815 680; x_wconf 90' lang='lat' dir='ltr'><strong>sterilem</strong></span> <span class='ocrx_word' id='word_1_14' title='bbox 827 643 907 697; x_wconf 87' lang='lat' dir='ltr'><strong>seges</strong></span> 
     </span>
    </p>

    <p class='ocr_par' dir='ltr' id='par_1_4' title="bbox 429 705 927 861">
     <span class='ocr_line' id='line_1_4' title="bbox 429 705 894 776; baseline 0.009 -17"><span class='ocrx_word' id='word_1_15' title='bbox 429 705 606 776; x_wconf 86' lang='lat' dir='ltr'><strong>Robiginem,</strong></span> <span class='ocrx_word' id='word_1_16' title='bbox 620 716 668 761; x_wconf 88' lang='lat' dir='ltr'><strong>aut</strong></span> <span class='ocrx_word' id='word_1_17' title='bbox 680 707 776 762; x_wconf 88' lang='lat' dir='ltr'><strong>dulces</strong></span> <span class='ocrx_word' id='word_1_18' title='bbox 789 710 894 763; x_wconf 86' lang='lat' dir='ltr'><strong>alumni</strong></span> 
     </span>
     <span class='ocr_line' id='line_1_5' title="bbox 468 790 927 861; baseline 0.007 -17"><span class='ocrx_word' id='word_1_19' title='bbox 468 790 608 844; x_wconf 85' lang='lat' dir='ltr'><strong>Pomiiero</strong></span> <span class='ocrx_word' id='word_1_20' title='bbox 620 807 706 859; x_wconf 84' lang='lat' dir='ltr'><strong>grave</strong></span> <span class='ocrx_word' id='word_1_21' title='bbox 719 800 831 861; x_wconf 91' lang='lat' dir='ltr'><strong>tempus</strong></span> <span class='ocrx_word' id='word_1_22' title='bbox 844 809 927 847; x_wconf 87' lang='lat' dir='ltr'><strong>anno.</strong></span> 
     </span>
    </p>
   </div>
   <div class='ocr_carea' id='block_1_3' title="bbox 393 958 961 1282">
    <p class='ocr_par' dir='ltr' id='par_1_5' title="bbox 393 958 961 1282">
     <span class='ocr_line' id='line_1_6' title="bbox 395 958 961 1031; baseline 0.009 -20"><span class='ocrx_word' id='word_1_23' title='bbox 395 958 472 1013; x_wconf 91' lang='lat' dir='ltr'><strong>Num</strong></span> <span class='ocrx_word' id='word_1_24' title='bbox 485 977 557 1030; x_wconf 87' lang='lat' dir='ltr'><strong>quae</strong></span> <span class='ocrx_word' id='word_1_25' title='bbox 570 959 655 1014; x_wconf 84' lang='lat' dir='ltr'><strong>nivali</strong></span> <span class='ocrx_word' id='word_1_26' title='bbox 668 961 792 1029; x_wconf 90' lang='lat' dir='ltr'><strong>pascitur</strong></span> <span class='ocrx_word' id='word_1_27' title='bbox 804 962 907 1031; x_wconf 88' lang='lat' dir='ltr'><strong>Algido</strong></span> <span class='ocrx_word' id='word_1_28' title='bbox 959 997 961 1000; x_wconf 95' lang='lat'>-</span> 
     </span>
     <span class='ocr_line' id='line_1_7' title="bbox 393 1034 858 1114; baseline 0.006 -19"><span class='ocrx_word' id='word_1_29' title='bbox 393 1034 504 1098; x_wconf 82' lang='lat' dir='ltr'><strong>Devota</strong></span> <span class='ocrx_word' id='word_1_30' title='bbox 517 1060 634 1114; x_wconf 90' lang='lat' dir='ltr'><strong>quercus</strong></span> <span class='ocrx_word' id='word_1_31' title='bbox 646 1044 719 1097; x_wconf 91' lang='lat' dir='ltr'><strong>inter</strong></span> <span class='ocrx_word' id='word_1_32' title='bbox 731 1054 759 1098; x_wconf 88' lang='lat' dir='ltr'><strong>et</strong></span> <span class='ocrx_word' id='word_1_33' title='bbox 772 1044 858 1114; x_wconf 91' lang='lat' dir='ltr'><strong>ilices,</strong></span> 
     </span>
     <span class='ocr_line' id='line_1_8' title="bbox 426 1127 876 1183; baseline 0.004 -2"><span class='ocrx_word' id='word_1_34' title='bbox 426 1128 484 1181; x_wconf 90' lang='lat' dir='ltr'><strong>Aut</strong></span> <span class='ocrx_word' id='word_1_35' title='bbox 497 1127 597 1182; x_wconf 88' lang='lat' dir='ltr'><strong>crescit</strong></span> <span class='ocrx_word' id='word_1_36' title='bbox 609 1127 727 1181; x_wconf 83' lang='lat' dir='ltr'><strong>Albanis</strong></span> <span class='ocrx_word' id='word_1_37' title='bbox 740 1127 768 1180; x_wconf 94' lang='lat' dir='ltr'><strong>in</strong></span> <span class='ocrx_word' id='word_1_38' title='bbox 781 1128 876 1183; x_wconf 89' lang='lat' dir='ltr'><strong>herbis</strong></span> 
     </span>
     <span class='ocr_line' id='line_1_9' title="bbox 462 1210 894 1282; baseline 0.007 -18"><span class='ocrx_word' id='word_1_39' title='bbox 462 1210 594 1278; x_wconf 88' lang='lat' dir='ltr'><strong>Victima,</strong></span> <span class='ocrx_word' id='word_1_40' title='bbox 605 1210 771 1282; x_wconf 86' lang='lat' dir='ltr'><strong>pontificum</strong></span> <span class='ocrx_word' id='word_1_41' title='bbox 783 1227 894 1267; x_wconf 90' lang='lat' dir='ltr'><strong>secures</strong></span> 
     </span>
    </p>
   </div>
   <div class='ocr_carea' id='block_1_4' title="bbox 391 1382 886 1705">
    <p class='ocr_par' dir='ltr' id='par_1_6' title="bbox 391 1382 884 1606">
     <span class='ocr_line' id='line_1_10' title="bbox 394 1382 871 1452; baseline 0.002 -17"><span class='ocrx_word' id='word_1_42' title='bbox 394 1382 508 1436; x_wconf 87' lang='lat' dir='ltr'><strong>Cervice</strong></span> <span class='ocrx_word' id='word_1_43' title='bbox 520 1383 626 1452; x_wconf 87' lang='lat' dir='ltr'><strong>tinget:</strong></span> <span class='ocrx_word' id='word_1_44' title='bbox 647 1391 675 1437; x_wconf 91' lang='lat' dir='ltr'><strong>te</strong></span> <span class='ocrx_word' id='word_1_45' title='bbox 687 1383 757 1437; x_wconf 90' lang='lat' dir='ltr'><strong>nihil</strong></span> <span class='ocrx_word' id='word_1_46' title='bbox 769 1382 871 1437; x_wconf 87' lang='lat' dir='ltr'><strong>attinet</strong></span> 
     </span>
     <span class='ocr_line' id='line_1_11' title="bbox 391 1466 884 1522; baseline 0.004 -3"><span class='ocrx_word' id='word_1_47' title='bbox 391 1467 513 1520; x_wconf 89' lang='lat' dir='ltr'><strong>Tentare</strong></span> <span class='ocrx_word' id='word_1_48' title='bbox 526 1467 615 1520; x_wconf 90' lang='lat' dir='ltr'><strong>multa</strong></span> <span class='ocrx_word' id='word_1_49' title='bbox 627 1466 713 1522; x_wconf 91' lang='lat' dir='ltr'><strong>caede</strong></span> <span class='ocrx_word' id='word_1_50' title='bbox 725 1467 884 1522; x_wconf 88' lang='lat' dir='ltr'><strong>bidentium</strong></span> 
     </span>
     <span class='ocr_line' id='line_1_12' title="bbox 427 1550 850 1606; baseline 0.007 -4"><span class='ocrx_word' id='word_1_51' title='bbox 427 1550 532 1605; x_wconf 86' lang='lat' dir='ltr'><strong>Parvos</strong></span> <span class='ocrx_word' id='word_1_52' title='bbox 546 1561 728 1605; x_wconf 88' lang='lat' dir='ltr'><strong>coronantem</strong></span> <span class='ocrx_word' id='word_1_53' title='bbox 740 1551 850 1606; x_wconf 88' lang='lat' dir='ltr'><strong>marino</strong></span> 
     </span>
    </p>

    <p class='ocr_par' dir='ltr' id='par_1_7' title="bbox 462 1633 886 1705">
     <span class='ocr_line' id='line_1_13' title="bbox 462 1633 886 1705; baseline -0.007 -17"><span class='ocrx_word' id='word_1_54' title='bbox 462 1635 536 1688; x_wconf 92' lang='lat' dir='ltr'><strong>Rore</strong></span> <span class='ocrx_word' id='word_1_55' title='bbox 548 1633 616 1688; x_wconf 90' lang='lat' dir='ltr'><strong>deos</strong></span> <span class='ocrx_word' id='word_1_56' title='bbox 629 1634 775 1705; x_wconf 85' lang='lat' dir='ltr'><strong>fragilique</strong></span> <span class='ocrx_word' id='word_1_57' title='bbox 787 1643 886 1704; x_wconf 87' lang='lat' dir='ltr'><strong>myrto.</strong></span> 
     </span>
    </p>
   </div>
   <div class='ocr_carea' id='block_1_5' title="bbox 393 1802 886 2123">
    <p class='ocr_par' dir='ltr' id='par_1_8' title="bbox 393 1802 886 1874">
     <span class='ocr_line' id='line_1_14' title="bbox 393 1802 886 1874; baseline 0.006 -19"><span class='ocrx_word' id='word_1_58' title='bbox 393 1802 531 1856; x_wconf 90' lang='lat' dir='ltr'><strong>Immunis</strong></span> <span class='ocrx_word' id='word_1_59' title='bbox 544 1819 622 1856; x_wconf 84' lang='lat' dir='ltr'><strong>aram</strong></span> <span class='ocrx_word' id='word_1_60' title='bbox 637 1803 660 1857; x_wconf 94' lang='lat' dir='ltr'><strong>si</strong></span> <span class='ocrx_word' id='word_1_61' title='bbox 673 1804 765 1874; x_wconf 87' lang='lat' dir='ltr'><strong>tetigit</strong></span> <span class='ocrx_word' id='word_1_62' title='bbox 777 1821 886 1873; x_wconf 87' lang='lat' dir='ltr'><strong>manus,</strong></span> 
     </span>
    </p>

    <p class='ocr_par' dir='ltr' id='par_1_9' title="bbox 393 1887 886 2026">
     <span class='ocr_line' id='line_1_15' title="bbox 393 1887 886 1956; baseline 0.006 -17"><span class='ocrx_word' id='word_1_63' title='bbox 393 1887 460 1940; x_wconf 94' lang='lat' dir='ltr'><strong>Non</strong></span> <span class='ocrx_word' id='word_1_64' title='bbox 473 1896 638 1956; x_wconf 90' lang='lat' dir='ltr'><strong>sumptuosa</strong></span> <span class='ocrx_word' id='word_1_65' title='bbox 649 1888 780 1942; x_wconf 87' lang='lat' dir='ltr'><strong>blandior</strong></span> <span class='ocrx_word' id='word_1_66' title='bbox 792 1888 886 1943; x_wconf 83' lang='lat' dir='ltr'><strong>hostia</strong></span> 
     </span>
     <span class='ocr_line' id='line_1_16' title="bbox 429 1970 811 2026; baseline 0.008 -4"><span class='ocrx_word' id='word_1_67' title='bbox 429 1970 550 2024; x_wconf 90' lang='lat' dir='ltr'><strong>Mollivit</strong></span> <span class='ocrx_word' id='word_1_68' title='bbox 564 1988 677 2025; x_wconf 87' lang='lat' dir='ltr'><strong>aversos</strong></span> <span class='ocrx_word' id='word_1_69' title='bbox 693 1973 811 2026; x_wconf 88' lang='lat' dir='ltr'><strong>Penates</strong></span> 
     </span>
    </p>

    <p class='ocr_par' dir='ltr' id='par_1_10' title="bbox 462 2053 874 2123">
     <span class='ocr_line' id='line_1_17' title="bbox 462 2053 874 2123; baseline 0.01 -18"><span class='ocrx_word' id='word_1_70' title='bbox 462 2054 548 2106; x_wconf 86' lang='lat' dir='ltr'><strong>Farre</strong></span> <span class='ocrx_word' id='word_1_71' title='bbox 561 2053 608 2123; x_wconf 94' lang='lat' dir='ltr'><strong>pio</strong></span> <span class='ocrx_word' id='word_1_72' title='bbox 622 2063 649 2108; x_wconf 92' lang='lat' dir='ltr'><strong>et</strong></span> <span class='ocrx_word' id='word_1_73' title='bbox 663 2054 779 2108; x_wconf 89' lang='lat' dir='ltr'><strong>saliente</strong></span> <span class='ocrx_word' id='word_1_74' title='bbox 793 2054 874 2109; x_wconf 85' lang='lat' dir='ltr'><strong>mica.</strong></span> 
     </span>
    </p>
   </div>
   <div class='ocr_carea' id='block_1_6' title="bbox 475 2496 810 2551">
    <p class='ocr_par' dir='ltr' id='par_1_11' title="bbox 475 2496 810 2551">
     <span class='ocr_line' id='line_1_18' title="bbox 475 2496 810 2551; baseline 0.003 -1"><span class='ocrx_word' id='word_1_75' title='bbox 475 2496 665 2551; x_wconf 88' lang='lat' dir='ltr'><strong>CARMEN</strong></span> <span class='ocrx_word' id='word_1_76' title='bbox 695 2497 810 2551; x_wconf 86' lang='lat' dir='ltr'>XXIV.</span> 
     </span>
    </p>
   </div>
   <div class='ocr_carea' id='block_1_7' title="bbox 550 2656 733 2699">
    <p class='ocr_par' dir='ltr' id='par_1_12' title="bbox 550 2656 733 2699">
     <span class='ocr_line' id='line_1_19' title="bbox 550 2656 733 2699; baseline 0.005 -1"><span class='ocrx_word' id='word_1_77' title='bbox 550 2656 585 2698; x_wconf 90' lang='lat' dir='ltr'><strong>IN</strong></span> <span class='ocrx_word' id='word_1_78' title='bbox 603 2657 733 2699; x_wconf 76' lang='lat' dir='ltr'><strong>AvnRos.</strong></span> 
     </span>
    </p>
   </div>
   <div class='ocr_carea' id='block_1_8' title="bbox 262 2793 997 3113">
    <p class='ocr_par' dir='ltr' id='par_1_13' title="bbox 262 2793 914 3030">
     <span class='ocr_line' id='line_1_20' title="bbox 325 2793 645 2864; baseline 0.003 -17"><span class='ocrx_word' id='word_1_79' title='bbox 325 2795 475 2849; x_wconf 81' lang='lat' dir='ltr'>INTACTIS</span> <span class='ocrx_word' id='word_1_80' title='bbox 489 2793 645 2864; x_wconf 92' lang='lat' dir='ltr'><strong>opulentior</strong></span> 
     </span>
     <span class='ocr_line' id='line_1_21' title="bbox 262 2871 914 2945; baseline 0 -15"><span class='ocrx_word' id='word_1_81' title='bbox 262 2871 265 2877; x_wconf 85' lang='grc'><strong>’</strong></span> <span class='ocrx_word' id='word_1_82' title='bbox 356 2877 507 2932; x_wconf 86' lang='lat' dir='ltr'><strong>Thesauris</strong></span> <span class='ocrx_word' id='word_1_83' title='bbox 520 2879 646 2932; x_wconf 85' lang='lat' dir='ltr'><strong>Arabum</strong></span> <span class='ocrx_word' id='word_1_84' title='bbox 659 2887 686 2932; x_wconf 93' lang='lat' dir='ltr'><strong>et</strong></span> <span class='ocrx_word' id='word_1_85' title='bbox 698 2877 793 2931; x_wconf 91' lang='lat' dir='ltr'><strong>divitis</strong></span> <span class='ocrx_word' id='word_1_86' title='bbox 808 2876 914 2945; x_wconf 87' lang='lat' dir='ltr'><strong>Indiae,</strong></span> 
     </span>
     <span class='ocr_line' id='line_1_22' title="bbox 322 2960 692 3030; baseline 0 -16"><span class='ocrx_word' id='word_1_87' title='bbox 322 2960 482 3014; x_wconf 83' lang='lat' dir='ltr'><strong>Caementis</strong></span> <span class='ocrx_word' id='word_1_88' title='bbox 494 2961 559 3015; x_wconf 92' lang='lat' dir='ltr'><strong>licet</strong></span> <span class='ocrx_word' id='word_1_89' title='bbox 572 2977 692 3030; x_wconf 89' lang='lat' dir='ltr'><strong>occupes</strong></span> 
     </span>
    </p>

    <p class='ocr_par' dir='ltr' id='par_1_14' title="bbox 356 3043 997 3113">
     <span class='ocr_line' id='line_1_23' title="bbox 356 3043 997 3113; baseline 0.003 -17"><span class='ocrx_word' id='word_1_90' title='bbox 356 3044 532 3112; x_wconf 90' lang='lat' dir='ltr'><strong>Tyrrhenum</strong></span> <span class='ocrx_word' id='word_1_91' title='bbox 545 3061 628 3098; x_wconf 91' lang='lat' dir='ltr'><strong>omne</strong></span> <span class='ocrx_word' id='word_1_92' title='bbox 641 3043 696 3098; x_wconf 91' lang='lat' dir='ltr'><strong>tuis</strong></span> <span class='ocrx_word' id='word_1_93' title='bbox 709 3053 736 3097; x_wconf 91' lang='lat' dir='ltr'><strong>et</strong></span> <span class='ocrx_word' id='word_1_94' title='bbox 749 3060 825 3096; x_wconf 89' lang='lat' dir='ltr'><strong>mare</strong></span> <span class='ocrx_word' id='word_1_95' title='bbox 838 3043 997 3113; x_wconf 82' lang='lat' dir='ltr'><strong>Apulicum,</strong></span> 
     </span>
    </p>
   </div>
   <div class='ocr_carea' id='block_1_9' title="bbox 322 3213 901 3535">
    <p class='ocr_par' dir='ltr' id='par_1_15' title="bbox 323 3213 635 3283">
     <span class='ocr_line' id='line_1_24' title="bbox 323 3213 635 3283; baseline -0.003 -16"><span class='ocrx_word' id='word_1_96' title='bbox 323 3213 352 3267; x_wconf 92' lang='lat' dir='ltr'><strong>Si</strong></span> <span class='ocrx_word' id='word_1_97' title='bbox 365 3213 425 3283; x_wconf 85' lang='lat' dir='ltr'><strong>figit</strong></span> <span class='ocrx_word' id='word_1_98' title='bbox 438 3213 635 3268; x_wconf 83' lang='lat' dir='ltr'><strong>adamantinos</strong></span> 
     </span>
    </p>

    <p class='ocr_par' dir='ltr' id='par_1_16' title="bbox 322 3295 893 3447">
     <span class='ocr_line' id='line_1_25' title="bbox 357 3295 893 3351; baseline 0.002 -1"><span class='ocrx_word' id='word_1_99' title='bbox 357 3296 481 3350; x_wconf 89' lang='lat' dir='ltr'><strong>Summis</strong></span> <span class='ocrx_word' id='word_1_100' title='bbox 493 3296 644 3351; x_wconf 89' lang='lat' dir='ltr'><strong>verticibus</strong></span> <span class='ocrx_word' id='word_1_101' title='bbox 656 3295 718 3349; x_wconf 89' lang='lat' dir='ltr'><strong>dira</strong></span> <span class='ocrx_word' id='word_1_102' title='bbox 731 3295 893 3351; x_wconf 87' lang='lat' dir='ltr'><strong>Necessitas</strong></span> 
     </span>
     <span class='ocr_line' id='line_1_26' title="bbox 322 3379 737 3447; baseline 0 -13"><span class='ocrx_word' id='word_1_103' title='bbox 322 3380 432 3447; x_wconf 85' lang='lat' dir='ltr'><strong>Clavos,</strong></span> <span class='ocrx_word' id='word_1_104' title='bbox 445 3396 502 3433; x_wconf 90' lang='lat' dir='ltr'><strong>non</strong></span> <span class='ocrx_word' id='word_1_105' title='bbox 515 3379 640 3433; x_wconf 88' lang='lat' dir='ltr'><strong>animum</strong></span> <span class='ocrx_word' id='word_1_106' title='bbox 653 3388 737 3447; x_wconf 90' lang='lat' dir='ltr'><strong>metu,</strong></span> 
     </span>
    </p>

    <p class='ocr_par' dir='ltr' id='par_1_17' title="bbox 357 3461 901 3535">
     <span class='ocr_line' id='line_1_27' title="bbox 357 3461 901 3535; baseline 0.004 -19"><span class='ocrx_word' id='word_1_107' title='bbox 357 3464 423 3517; x_wconf 94' lang='lat' dir='ltr'><strong>Non</strong></span> <span class='ocrx_word' id='word_1_108' title='bbox 436 3463 535 3518; x_wconf 88' lang='lat' dir='ltr'><strong>mortis</strong></span> <span class='ocrx_word' id='word_1_109' title='bbox 546 3461 654 3535; x_wconf 89' lang='lat' dir='ltr'><strong>laqueis</strong></span> <span class='ocrx_word' id='word_1_110' title='bbox 667 3462 797 3532; x_wconf 89' lang='lat' dir='ltr'><strong>expedies</strong></span> <span class='ocrx_word' id='word_1_111' title='bbox 810 3472 901 3533; x_wconf 88' lang='lat' dir='ltr'><strong>caput.</strong></span> 
     </span>
    </p>
   </div>
   <div class='ocr_carea' id='block_1_10' title="bbox 0 0 1400 4168">
    <p class='ocr_par' dir='ltr' id='par_1_18' title="bbox 0 0 1400 4168">
     <span class='ocr_line' id='line_1_28' title="bbox 0 0 1400 4168; baseline 0 1"><span class='ocrx_word' id='word_1_112' title='bbox 0 0 1400 4168; x_wconf 95' lang='lat' dir='ltr'><strong> </strong></span> 
     </span>
    </p>
   </div>
  </div>
 </body>
</html>
