2748 4138
358 410 417 481 276
592 423 723 466 uoxxrn
747 424 965 468 srrsromxutr

391 551 531 607 Litterulis
546 551 661 607 Graecis
674 552 806 621 imbutus,
819 553 936 608 idoneus
949 555 1001 610 arti

392 634 511 690 Cuilibet
522 654 529 700 ;
548 636 647 705 argilla
659 636 769 706 quidvis
782 636 935 691 imitaberis
948 638 1020 692 uda:

391 717 466 786 Quin
479 718 564 773 etiam
576 728 657 773 canet
670 719 823 786 indoctum,
837 719 887 773 sed
899 719 981 774 dulce
992 720 1107 775 bibenti.

391 802 484 855 Multa
495 801 580 855 fidem
593 801 731 870 promissa
743 802 845 868 levant,
858 802 906 855 ubi
918 803 1027 871 plenius
1040 820 1128 874 aequo

392 883 501 938 Laudat
513 885 635 951 venales,
649 883 696 954 qui
709 884 768 938 volt
780 885 934 952 extrudere,
946 902 1070 940 merces:

390 968 448 1020 Res
459 976 539 1036 urget
551 984 596 1021 me
608 967 702 1032 nulla;
722 984 785 1021 meo
798 984 859 1021 sum
872 984 979 1038 pauper
990 969 1018 1022 in
1032 985 1104 1022 aere.

391 1051 484 1104 Nemo
494 1050 547 1103 hoc
556 1066 730 1118 mangonum
739 1049 842 1104 faceret
855 1050 906 1107 tibi
917 1069 923 1106 :
944 1068 1001 1105 non
1013 1060 1117 1105 temere
1129 1068 1148 1104 a
1158 1069 1205 1106 me

391 1132 488 1201 Quivis
501 1132 583 1186 ferret
597 1131 679 1185 idem.
716 1132 811 1186 Semel
823 1132 869 1186 hic
882 1134 1010 1202 cessavit,
1023 1144 1058 1202 et,
1072 1145 1101 1189 ut
1114 1135 1153 1202 fit,

391 1216 425 1267 In
438 1214 520 1268 scalis
533 1213 613 1267 latuit
626 1223 752 1268 metuens
766 1214 913 1283 pendentis
926 1215 1054 1270 habenae
1065 1236 1072 1282 ;

390 1299 449 1351 Des
462 1313 601 1364 nummos,
614 1306 730 1366 excepta
742 1296 812 1350 nihil
824 1306 852 1351 te
866 1298 889 1351 si
901 1298 969 1367 suga
980 1299 1074 1353 laedat
1085 1320 1092 1364 3

392 1381 441 1434 Ille
453 1380 523 1436 ferat
535 1379 663 1449 pretium,
676 1396 783 1450 poenae
797 1397 919 1448 securus,
933 1381 1038 1450 opinor.

390 1462 516 1516 Prudens
528 1461 621 1516 emisti
633 1462 765 1517 vitiosum
776 1482 783 1527 ;
802 1462 879 1517 dicta
891 1463 942 1518 tibi
955 1473 998 1518 est
1009 1465 1069 1518 lex:

391 1545 549 1616 insequeris
562 1554 657 1598 tamen
669 1544 753 1612 hunc,
767 1554 795 1599 et
806 1545 855 1600 lite
868 1546 985 1599 moraris
998 1546 1113 1618 iniqua?

390 1628 456 1680 Dixi
468 1644 514 1681 me
526 1627 636 1696 pigrum
648 1627 835 1697 proficiscenti
848 1628 908 1697 tibi,
921 1628 978 1682 dixi

390 1710 506 1764 Talibus
520 1709 617 1763 officiis
630 1726 717 1779 prope
729 1726 862 1764 mancum
876 1729 882 1774 ;
901 1727 936 1764 ne
949 1728 1013 1765 mea
1025 1729 1123 1766 saevus

388 1794 518 1862 Jurgares
532 1792 569 1845 ad
582 1801 610 1845 te
622 1791 697 1862 quod
711 1792 830 1861 epistola
841 1795 918 1848 nulla
930 1795 1037 1849 rediret.

392 1874 467 1943 Quid
479 1883 539 1928 tum
552 1874 665 1943 profeci,
679 1891 790 1929 mecum
803 1875 934 1930 facientia
944 1877 1007 1946 jura

390 1957 419 2010 Si
433 1966 527 2010 tamen
541 1957 682 2010 attentas?
718 1958 847 2025 Quereris
861 1975 943 2028 super
955 1960 1008 2013 hoc
1022 1959 1115 2027 etiam,
1129 1962 1205 2032 quod

389 2041 561 2108 Exspectata
574 2038 625 2092 tibi
638 2056 695 2092 non
707 2039 819 2094 mittam
832 2041 958 2094 carmina
968 2042 1096 2096 mendax.

390 2121 496 2175 Luculli
509 2122 590 2176 miles
602 2123 721 2177 collecta
731 2123 835 2177 viatica
846 2123 942 2178 multis

388 2205 545 2273 Aerumnis‚
558 2206 649 2260 lassus
663 2205 730 2259 dum
743 2215 828 2259 noctu
841 2207 939 2274 stertit,
953 2207 989 2261 ad
1002 2224 1093 2261 assem

390 2288 567 2342 Perdiderat:
588 2298 653 2358 post
665 2288 719 2342 hoc
729 2288 880 2342 vehemens
890 2290 981 2358 lupus,
991 2299 1018 2345 et
1028 2291 1081 2345 sibi
1092 2301 1120 2345 et
1128 2291 1206 2346 hosti

390 2372 481 2425 Iratus
493 2371 605 2440 pariter,
615 2371 719 2441 jejunis
731 2371 862 2425 dentibus
876 2389 947 2440 acer,

389 2453 563 2508 Praesidium
575 2455 667 2523 regale
679 2455 741 2508 loco
753 2453 861 2523 dejecit,
875 2464 905 2508 ut
918 2456 1003 2524 aiunt,

389 2537 504 2591 Summe
519 2536 635 2604 munito,
649 2545 677 2591 et
689 2537 840 2590 multarum
853 2537 939 2592 divite
951 2555 1050 2592 rerum.

389 2619 488 2672 Clarus
501 2620 537 2673 ob
551 2618 579 2671 id
592 2619 706 2686 factum,
719 2618 801 2672 donis
814 2628 929 2674 ornatur
941 2621 1066 2675 honestis
1080 2639 1087 2685 ;

387 2701 499 2770 Accipit
511 2710 538 2755 et
551 2700 595 2754 bis
609 2701 683 2754 dena
696 2718 779 2770 super
791 2703 919 2756 sestertia
931 2703 1092 2768 nummum.

389 2783 473 2836 Forte
486 2784 539 2837 sub
551 2783 605 2836 hoc
618 2793 728 2852 tempus
742 2785 890 2838 castellum
903 2795 1026 2840 evertere
1037 2795 1149 2855 praetor

357 2929 376 2946 A
390 2865 494 2919 Nescio
508 2866 583 2936 quod
596 2866 719 2936 cupiens,
732 2866 837 2920 hortari
850 2869 942 2937 coepit
955 2869 1075 2924 eundem

386 2948 495 3015 VerbiS,
509 2965 580 3018 quae
593 2948 692 3003 timido
705 2965 816 3019 quoque
828 2959 944 3019 possent
956 2951 1058 3005 addere
1070 2961 1205 3008 mentem.

389 3032 411 3097 1,
424 3031 506 3098 bone,
519 3049 574 3101 quo
588 3032 674 3086 virtus
687 3041 736 3085 tua
748 3039 775 3086 te
787 3042 888 3099 vocat;
908 3034 917 3088 i
930 3035 1001 3104 pede
1013 3035 1113 3102 fausto,

388 3113 515 3168 Grandia
526 3114 631 3168 laturus
644 3115 806 3168 meritorum
818 3117 951 3185 praemia.
990 3117 1064 3186 Quid
1078 3119 1158 3172 stas?

388 3199 455 3251 Post
467 3197 537 3251 haec
551 3196 596 3251 ille
609 3205 696 3264 catus,
709 3198 887 3267 quantumvis
900 3199 1036 3254 rusticus:
1059 3199 1123 3265 Ibit,

389 3279 445 3332 Ibit
458 3295 491 3332 eo
504 3296 559 3348 quo
571 3279 622 3347 viS,
635 3279 683 3350 qui
695 3295 794 3332 zonam
806 3280 937 3349 perdidit,
950 3281 1047 3351 inquit.

388 3362 496 3414 Romae
509 3361 607 3414 nutriri
619 3361 689 3414 mihi
701 3361 826 3429 contigit,
839 3370 923 3432 atque
935 3363 1029 3417 doceri

387 3445 479 3498 Iratus
494 3443 585 3496 Graiis
599 3452 735 3513 quantum
747 3444 888 3501 nocuisset
899 3446 1029 3500 Achilles.
1181 3485 1208 3520 42
