2792 4168
324 435 383 510 138

580 448 712 492 HORATII
733 445 906 494 CARMINUM

459 579 566 649 Fruges
578 587 606 632 et
619 577 693 647 agris
705 575 812 632 rettulit
824 578 934 646 uberes,

460 664 497 718 Et
510 662 592 731 signa
603 672 698 716 nostro
711 660 831 716 restituit
842 661 905 730 Jovi

495 746 619 814 Derepta
633 744 800 798 Parthorum
814 743 941 813 superbis

531 828 672 895 Postibus,
686 838 713 883 et
725 845 846 883 vacuum
858 827 958 884 duellis

457 975 560 1043 Janum
574 971 683 1043 Quirini
696 971 804 1040 clausit,
818 982 845 1026 et
858 971 986 1026 ordinem

459 1058 580 1109 Rectum
592 1055 721 1124 evaganti
734 1054 813 1108 frena
825 1054 954 1108 licentiae

494 1137 602 1207 Injecit,
615 1137 774 1208 emovitque
787 1137 892 1206 culpas,

529 1223 567 1277 Et
578 1229 686 1276 veteres
698 1221 839 1275 revocavit
850 1230 925 1274 artes
937 1240 944 1285 ;

458 1371 512 1424 Per
524 1386 594 1440 quas
608 1369 739 1424 Latinum
751 1385 855 1422 nornen
868 1377 896 1423 et
910 1369 998 1423 Italae

458 1455 576 1508 Crevere
588 1453 669 1519 vires,
682 1452 813 1521 famaque
825 1461 854 1505 et
866 1451 966 1521 imperi

493 1537 624 1589 Porrecta
636 1535 770 1604 majestas
784 1534 820 1587 ad
834 1544 911 1588 ortus

527 1615 600 1672 Solis
613 1617 650 1671 ab
665 1615 804 1685 Hesperio
817 1615 910 1670 cubili.

458 1765 581 1820 Custode
593 1781 686 1819 rerum
700 1765 819 1818 Caesare
832 1780 889 1817 non
901 1763 977 1817 furor

457 1848 553 1903 Civilis
566 1856 614 1902 aut
626 1848 668 1901 vis
682 1847 773 1916 exiget
785 1847 882 1914 otium,

492 1932 559 1985 Non
571 1931 620 1996 ira,
634 1946 705 2000 quae
718 1929 846 1998 procudit
859 1945 949 1998 enses,

529 2015 566 2067 Et
578 2013 694 2067 miseras
708 2012 834 2067 inimicat
847 2013 936 2067 urbes.

456 2165 531 2231 Non,
544 2161 592 2233 qui
603 2162 773 2232 profundum
787 2161 950 2217 Danubium
962 2162 1071 2229 bibunt,

457 2245 560 2300 Edicta
571 2255 702 2316 rumpent
713 2246 795 2315 Julia,
807 2262 865 2299 non
876 2247 974 2307 Getae,

492 2331 559 2385 Non
573 2332 663 2399 Seres,
676 2330 790 2383 infidive
805 2331 915 2398 Persae,

527 2415 593 2468 Non
606 2414 717 2467 Tanain
729 2429 816 2483 prope
829 2413 933 2466 flumen
946 2411 1007 2467 orti.

456 2563 572 2631 Nosque
585 2569 613 2614 et
625 2559 755 2630 profestis
767 2559 876 2614 lucibus
889 2568 918 2614 et
929 2559 1024 2626 sacris,

457 2645 533 2698 Inter
542 2643 631 2713 jocosi
644 2659 761 2697 munera
776 2642 877 2708 Liberi,

491 2727 563 2780 Cum
575 2724 653 2795 prole
665 2724 856 2794 matronisque
868 2723 981 2792 nostris,

524 2807 589 2862 Rite
602 2806 669 2861 deos
682 2807 759 2876 prius
771 2805 923 2877 apprecati,

454 2952 564 3007 Virtute
576 2951 695 3019 functos,
707 2967 784 3005 more
797 2959 917 3021 patrum,
930 2952 1024 3021 duces,

457 3033 542 3103 Lydis
554 3033 671 3088 remixto
684 3033 807 3087 carmine
820 3033 904 3096 tibiis,

490 3117 661 3187 Trojamque
674 3126 702 3170 et
713 3117 857 3171 Anchisen
869 3125 897 3170 et
910 3117 1001 3172 almae

525 3199 691 3270 Progeniem
703 3199 820 3254 Veneris
832 3215 973 3254 canemus.
