2804 4176
330 400 389 456 216
583 413 715 458 nonnrn
740 413 923 459 snrrnanon

327 543 392 598 Sive
404 553 447 598 est
459 552 576 598 naturae
587 544 650 612 hoc,
663 544 723 599 sive
735 544 813 613 artis,
825 545 913 600 mirus
926 556 1052 618 utroque.

327 627 402 696 Quin
415 626 444 680 id
456 636 515 681 erat
528 644 618 696 curae,
632 645 687 699 quo
699 637 783 697 pacto
795 639 898 683 cuncta
909 638 1042 698 tenerem,

326 710 434 778 Utpote
446 727 490 763 res
503 719 609 778 tenues,
623 710 700 765 tenui
713 727 842 766 sermone
854 722 989 780 peractas.

326 791 387 846 Ede
399 792 521 847 hominis
533 809 655 859 nomen3
675 793 758 848 simul
769 802 805 860 et,
820 795 973 862 Romanus,
987 811 1023 848 an
1036 795 1147 866 hospes.

326 877 393 945 Ipsa
403 892 513 930 memor
523 885 675 946 praecepta
687 893 796 944 canam,
809 876 944 932 celabitur
956 888 1060 933 auctor.

325 960 423 1028 Longa
435 959 536 1029 quibus
549 958 634 1013 iacies
647 959 708 1013 ovis
721 958 780 1026 erit,
795 959 843 1013 illa
854 970 1005 1028 memento,

325 1042 366 1095 Ut
378 1042 438 1095 suci
450 1041 572 1096 melioris
586 1050 613 1095 et
625 1049 656 1095 ut
668 1040 759 1110 magis
772 1041 838 1096 alba
849 1042 985 1111 rotundis,

324 1124 431 1178 Ponere
441 1143 449 1190 ;
467 1141 589 1194 namque
601 1140 709 1178 marem
721 1123 854 1178 cohibent
866 1125 972 1179 callosa
983 1125 1114 1181 vitellum.

324 1208 410 1261 Caule
423 1208 592 1275 suburbano,
605 1207 652 1278 qui
666 1207 748 1261 siccis
761 1207 848 1262 crevit
860 1207 889 1260 in
901 1208 975 1278 agris

324 1290 456 1344 Dulcior:
477 1291 580 1360 irriguo
592 1290 663 1344 nihil
675 1300 717 1345 est
730 1290 831 1344 elutius
845 1290 935 1344 horto.

323 1372 353 1426 Si
365 1373 540 1443 vespertinus
554 1373 647 1428 subito
660 1383 687 1428 te
700 1373 870 1443 oppresserit
883 1374 994 1444 hospes,

323 1456 368 1508 Ne
380 1455 485 1526 gallina
496 1457 603 1510 malum
615 1466 761 1526 responset
774 1457 843 1512 dura
855 1457 959 1526 palato,

322 1529 431 1593 Doctus
443 1539 498 1593 eris
510 1539 604 1593 vivam
616 1539 705 1593 mixto
716 1555 839 1594 mersare
853 1541 973 1593 Falerno
985 1559 993 1604 ;

322 1622 386 1675 Hoc
399 1631 525 1677 teneram
537 1621 627 1675 faciet.
668 1622 848 1676 Pratensibus
861 1622 968 1691 optima
980 1621 1072 1692 fungis

322 1705 432 1758 Natura
444 1714 486 1758 est
497 1723 504 1769 ;
523 1704 584 1758 aliis
597 1705 670 1758 male
683 1703 812 1758 creditur.
852 1704 904 1759 Ille
915 1705 1040 1759 salubres

318 1788 449 1842 Aestates
462 1797 585 1858 peraget,
598 1787 646 1858 qui
659 1787 746 1856 nigris
758 1787 878 1856 prandia
890 1788 976 1842 moris

321 1869 421 1937 Finiet‚
434 1880 499 1924 ante
511 1886 626 1939 gravem
639 1886 710 1940 quae
723 1870 820 1939 legerit
832 1871 931 1925 arbore
944 1871 1039 1925 solem.

319 1952 448 2007 Aufidius
460 1952 524 2007 sorti
537 1952 675 2006 miscebat
687 1953 773 2006 mella
786 1953 915 2021 Falerno,

320 2035 476 2101 Mendose;
495 2036 627 2107 quoniam
640 2036 737 2090 vacuis
750 2036 925 2091 committere
937 2036 1016 2091 venis

320 2118 370 2172 Nil
383 2119 436 2173 nisi
449 2118 511 2172 lene
522 2118 621 2173 decet:
641 2118 698 2173 leni
710 2119 875 2189 praecordia
887 2120 978 2174 mulso

319 2202 457 2257 Prolueris
470 2203 576 2256 melius.
616 2201 646 2258 Si
660 2202 730 2256 dura
741 2202 896 2256 morabitur
908 2203 996 2270 alvus,

319 2285 436 2340 Mitulus
449 2294 477 2339 et
489 2285 558 2339 viles
571 2285 675 2355 pellent
687 2285 831 2339 obstantia
843 2285 976 2353 conchae,

319 2369 356 2422 Et
367 2368 475 2437 lapathi
488 2367 581 2421 brevis
593 2368 690 2434 herba,
703 2367 753 2420 sed
766 2367 831 2421 albu
843 2384 900 2420 non
914 2367 974 2421 sine
989 2368 1054 2422 Coo.

318 2451 439 2505 Lubrica
451 2460 598 2505 nascentes
612 2450 729 2520 implent
741 2449 890 2518 conchylia
902 2450 985 2504 lunae
996 2469 1003 2516 ;

317 2533 374 2588 Sed
386 2549 444 2587 non
456 2550 539 2587 omne
551 2549 629 2586 mare
642 2541 685 2586 est
697 2549 850 2601 generosae
862 2531 951 2586 fertile
964 2541 1059 2588 testae.

317 2616 426 2671 Murice
439 2616 547 2669 Baiano
559 2615 657 2669 melior
671 2614 791 2669 Lucrina
802 2614 922 2684 peloris:

318 2703 419 2754 Ostrea
432 2699 554 2766 Circeiis,
569 2698 681 2752 Miseno
694 2697 819 2753 oriuntur
830 2697 923 2752 echini
934 2717 941 2762 ;

318 2782 477 2836 Pectinibus
490 2781 593 2850 patulis
603 2780 693 2850 jactat
706 2797 736 2834 se
748 2781 833 2834 molle
845 2781 1007 2835 Tarentum.

317 2867 378 2919 Nec
391 2864 444 2919 sibi
457 2881 607 2918 coenarum
620 2863 712 2933 quivis
724 2873 829 2918 temere
841 2863 957 2932 adroget
969 2873 1066 2932 artem,

318 2950 384 3002 Non
396 2947 473 3018 prius
486 2957 585 3002 exacta
597 2946 673 3000 tenui
686 2946 794 3000 ratione
807 2962 946 3015 saporum.

316 3035 378 3087 Nec
392 3032 459 3087 satis
472 3042 516 3087 est
527 3048 594 3085 cara
605 3031 697 3101 pisces
710 3040 834 3084 avertere
846 3047 953 3098 mensa,

316 3117 448 3186 Ignarum
461 3114 562 3186 quibus
576 3124 618 3168 est
628 3115 674 3184 jus
686 3115 788 3184 aptius,
801 3124 828 3169 et
842 3114 943 3186 quibus
956 3115 1028 3169 assis

315 3198 476 3269 Languidus
489 3197 656 3252 incubitum
666 3197 726 3267 jam
739 3214 769 3251 se
782 3197 900 3251 conviva
911 3208 1034 3267 reponet.

315 3282 425 3335 Umber
437 3290 465 3335 et
477 3279 564 3349 iligna
576 3280 696 3334 nutritus
709 3279 813 3349 glande
826 3280 962 3334 rotundas

316 3368 419 3420 Curvat
432 3380 499 3433 aper
511 3363 606 3416 lances
618 3379 732 3417 carnem
745 3362 859 3417 vitantis
872 3363 1007 3418 inertem:

314 3452 391 3503 Nam
405 3448 528 3502 Laurens
540 3445 631 3500 malus
644 3455 695 3514 est,
707 3445 779 3500 ulvis
792 3452 820 3499 et
832 3445 968 3500 arundine
980 3446 1098 3517 pinguis.
1138 3476 1162 3512 42
