<?xml version="1.0" encoding="UTF-8"?>
<!DOCTYPE html PUBLIC "-//W3C//DTD XHTML 1.0 Transitional//EN"
    "http://www.w3.org/TR/xhtml1/DTD/xhtml1-transitional.dtd">
<html xmlns="http://www.w3.org/1999/xhtml" xml:lang="en" lang="en">
 <head>
  <title>
</title>
<meta http-equiv="Content-Type" content="text/html;charset=utf-8" />
  <meta name='ocr-system' content='tesseract 3.04.00' />
  <meta name='ocr-capabilities' content='ocr_page ocr_carea ocr_par ocr_line ocrx_word'/>
</head>
<body>
  <div class='ocr_page' id='page_1' title='image "./quintihoratiifl00milmgoog_0169.png"; bbox 0 0 2792 4168; ppageno 0'>
   <div class='ocr_carea' id='block_1_1' title="bbox 356 430 413 498">
    <p class='ocr_par' dir='ltr' id='par_1_1' title="bbox 356 430 413 498">
     <span class='ocr_line' id='line_1_1' title="bbox 356 430 413 498; baseline -0.018 -12"><span class='ocrx_word' id='word_1_1' title='bbox 356 430 413 498; x_wconf 88' lang='lat'>146</span> 
     </span>
    </p>
   </div>
   <div class='ocr_carea' id='block_1_2' title="bbox 634 440 919 486">
    <p class='ocr_par' dir='ltr' id='par_1_2' title="bbox 634 440 919 486">
     <span class='ocr_line' id='line_1_2' title="bbox 634 440 919 486; baseline 0 -2"><span class='ocrx_word' id='word_1_2' title='bbox 634 441 767 486; x_wconf 83' lang='lat' dir='ltr'>HORATII</span> <span class='ocrx_word' id='word_1_3' title='bbox 792 440 919 486; x_wconf 84' lang='lat' dir='ltr'>EPODON</span> 
     </span>
    </p>
   </div>
   <div class='ocr_carea' id='block_1_3' title="bbox 463 570 1147 2890">
    <p class='ocr_par' dir='ltr' id='par_1_3' title="bbox 467 570 1050 710">
     <span class='ocr_line' id='line_1_3' title="bbox 467 570 1050 642; baseline 0 -18"><span class='ocrx_word' id='word_1_4' title='bbox 467 571 585 625; x_wconf 86' lang='lat' dir='ltr'>Sacrum</span> <span class='ocrx_word' id='word_1_5' title='bbox 597 570 714 626; x_wconf 89' lang='lat' dir='ltr'>vetustis</span> <span class='ocrx_word' id='word_1_6' title='bbox 727 580 850 627; x_wconf 85' lang='lat' dir='ltr'><strong>exstruat</strong></span> <span class='ocrx_word' id='word_1_7' title='bbox 862 571 944 642; x_wconf 86' lang='lat' dir='ltr'>lignis</span> <span class='ocrx_word' id='word_1_8' title='bbox 957 571 1050 627; x_wconf 89' lang='lat' dir='ltr'>focum</span> 
     </span>
     <span class='ocr_line' id='line_1_4' title="bbox 502 654 893 710; baseline 0.008 -3"><span class='ocrx_word' id='word_1_9' title='bbox 502 654 582 708; x_wconf 86' lang='lat' dir='ltr'>Lassi</span> <span class='ocrx_word' id='word_1_10' title='bbox 595 656 647 709; x_wconf 92' lang='lat' dir='ltr'>sub</span> <span class='ocrx_word' id='word_1_11' title='bbox 660 655 812 710; x_wconf 88' lang='lat' dir='ltr'>adventum</span> <span class='ocrx_word' id='word_1_12' title='bbox 824 654 893 710; x_wconf 88' lang='lat' dir='ltr'>viri:</span> 
     </span>
    </p>

    <p class='ocr_par' dir='ltr' id='par_1_4' title="bbox 467 737 1117 886">
     <span class='ocr_line' id='line_1_5' title="bbox 467 737 1117 808; baseline 0.005 -18"><span class='ocrx_word' id='word_1_13' title='bbox 467 737 663 808; x_wconf 78' lang='lat' dir='ltr'>claudensque</span> <span class='ocrx_word' id='word_1_14' title='bbox 675 737 757 792; x_wconf 90' lang='lat' dir='ltr'>textis</span> <span class='ocrx_word' id='word_1_15' title='bbox 769 737 894 792; x_wconf 88' lang='lat' dir='ltr'>cratibus</span> <span class='ocrx_word' id='word_1_16' title='bbox 905 738 1011 793; x_wconf 87' lang='lat' dir='ltr'>laetum</span> <span class='ocrx_word' id='word_1_17' title='bbox 1022 753 1117 808; x_wconf 88' lang='lat' dir='ltr'>pecus,</span> 
     </span>
     <span class='ocr_line' id='line_1_6' title="bbox 502 820 849 886; baseline 0.012 -14"><span class='ocrx_word' id='word_1_18' title='bbox 502 820 633 875; x_wconf 88' lang='lat' dir='ltr'>Distenta</span> <span class='ocrx_word' id='word_1_19' title='bbox 645 820 731 875; x_wconf 88' lang='lat' dir='ltr'>siccet</span> <span class='ocrx_word' id='word_1_20' title='bbox 743 821 829 876; x_wconf 88' lang='lat' dir='ltr'>ubera</span> <span class='ocrx_word' id='word_1_21' title='bbox 841 839 849 886; x_wconf 82' lang='lat'>3</span> 
     </span>
    </p>

    <p class='ocr_par' dir='ltr' id='par_1_5' title="bbox 465 903 1015 1058">
     <span class='ocr_line' id='line_1_7' title="bbox 465 903 1015 975; baseline 0.005 -19"><span class='ocrx_word' id='word_1_22' title='bbox 465 903 504 956; x_wconf 90' lang='lat' dir='ltr'>Et</span> <span class='ocrx_word' id='word_1_23' title='bbox 515 903 606 957; x_wconf 92' lang='lat' dir='ltr'>horna</span> <span class='ocrx_word' id='word_1_24' title='bbox 617 903 691 958; x_wconf 91' lang='lat' dir='ltr'>dulci</span> <span class='ocrx_word' id='word_1_25' title='bbox 702 903 769 957; x_wconf 87' lang='lat' dir='ltr'>vina</span> <span class='ocrx_word' id='word_1_26' title='bbox 780 920 912 975; x_wconf 88' lang='lat' dir='ltr'>promens</span> <span class='ocrx_word' id='word_1_27' title='bbox 924 903 1015 972; x_wconf 80' lang='lat' dir='ltr'>dolio,</span> 
     </span>
     <span class='ocr_line' id='line_1_8' title="bbox 503 987 897 1058; baseline 0.005 -18"><span class='ocrx_word' id='word_1_28' title='bbox 503 988 598 1057; x_wconf 89' lang='lat' dir='ltr'>Dapes</span> <span class='ocrx_word' id='word_1_29' title='bbox 612 987 751 1057; x_wconf 88' lang='lat' dir='ltr'>inemptas</span> <span class='ocrx_word' id='word_1_30' title='bbox 763 997 897 1058; x_wconf 91' lang='lat' dir='ltr'>apparet:</span> 
     </span>
    </p>

    <p class='ocr_par' dir='ltr' id='par_1_6' title="bbox 468 1069 1026 1223">
     <span class='ocr_line' id='line_1_9' title="bbox 468 1069 1026 1140; baseline 0.002 -17"><span class='ocrx_word' id='word_1_31' title='bbox 468 1069 535 1124; x_wconf 94' lang='lat' dir='ltr'>Non</span> <span class='ocrx_word' id='word_1_32' title='bbox 546 1087 593 1124; x_wconf 89' lang='lat' dir='ltr'>me</span> <span class='ocrx_word' id='word_1_33' title='bbox 606 1069 727 1125; x_wconf 89' lang='lat' dir='ltr'>Lucrina</span> <span class='ocrx_word' id='word_1_34' title='bbox 734 1070 858 1140; x_wconf 86' lang='lat' dir='ltr'>juverint</span> <span class='ocrx_word' id='word_1_35' title='bbox 870 1070 1026 1140; x_wconf 88' lang='lat' dir='ltr'>conchylia,</span> 
     </span>
     <span class='ocr_line' id='line_1_10' title="bbox 503 1153 942 1223; baseline 0.002 -17"><span class='ocrx_word' id='word_1_36' title='bbox 503 1153 632 1223; x_wconf 90' lang='lat' dir='ltr'>Magisve</span> <span class='ocrx_word' id='word_1_37' title='bbox 643 1154 787 1222; x_wconf 89' lang='lat' dir='ltr'>rhombus,</span> <span class='ocrx_word' id='word_1_38' title='bbox 800 1163 849 1208; x_wconf 94' lang='lat' dir='ltr'>aut</span> <span class='ocrx_word' id='word_1_39' title='bbox 862 1154 942 1222; x_wconf 87' lang='lat' dir='ltr'>scari,</span> 
     </span>
    </p>

    <p class='ocr_par' dir='ltr' id='par_1_7' title="bbox 468 1234 1007 1386">
     <span class='ocr_line' id='line_1_11' title="bbox 468 1234 945 1306; baseline 0.004 -16"><span class='ocrx_word' id='word_1_40' title='bbox 468 1234 499 1290; x_wconf 93' lang='lat' dir='ltr'>Si</span> <span class='ocrx_word' id='word_1_41' title='bbox 511 1253 581 1306; x_wconf 92' lang='lat' dir='ltr'>quos</span> <span class='ocrx_word' id='word_1_42' title='bbox 595 1237 663 1292; x_wconf 91' lang='lat' dir='ltr'>Eois</span> <span class='ocrx_word' id='word_1_43' title='bbox 676 1237 803 1292; x_wconf 90' lang='lat' dir='ltr'>intonata</span> <span class='ocrx_word' id='word_1_44' title='bbox 814 1237 945 1292; x_wconf 90' lang='lat' dir='ltr'>fluctibus</span> 
     </span>
     <span class='ocr_line' id='line_1_12' title="bbox 502 1319 1007 1386; baseline 0.006 -13"><span class='ocrx_word' id='word_1_45' title='bbox 502 1319 604 1374; x_wconf 90' lang='lat' dir='ltr'>Hiems</span> <span class='ocrx_word' id='word_1_46' title='bbox 616 1319 653 1374; x_wconf 91' lang='lat' dir='ltr'>ad</span> <span class='ocrx_word' id='word_1_47' title='bbox 665 1320 719 1375; x_wconf 92' lang='lat' dir='ltr'>hoc</span> <span class='ocrx_word' id='word_1_48' title='bbox 732 1329 821 1375; x_wconf 90' lang='lat' dir='ltr'>vertat</span> <span class='ocrx_word' id='word_1_49' title='bbox 833 1337 929 1386; x_wconf 87' lang='lat' dir='ltr'>mare;</span> <span class='ocrx_word' id='word_1_50' title='bbox 1003 1346 1007 1354; x_wconf 60' lang='grc'><strong><em>»</em></strong></span> 
     </span>
    </p>

    <p class='ocr_par' dir='ltr' id='par_1_8' title="bbox 466 1407 1147 1560">
     <span class='ocr_line' id='line_1_13' title="bbox 466 1407 1147 1472; baseline 0 -12"><span class='ocrx_word' id='word_1_51' title='bbox 466 1407 533 1461; x_wconf 89' lang='lat' dir='ltr'>Non</span> <span class='ocrx_word' id='word_1_52' title='bbox 545 1407 615 1461; x_wconf 87' lang='lat' dir='ltr'>Afra</span> <span class='ocrx_word' id='word_1_53' title='bbox 626 1407 685 1462; x_wconf 89' lang='lat' dir='ltr'>avis</span> <span class='ocrx_word' id='word_1_54' title='bbox 698 1407 852 1462; x_wconf 88' lang='lat' dir='ltr'>descendat</span> <span class='ocrx_word' id='word_1_55' title='bbox 864 1408 894 1462; x_wconf 91' lang='lat' dir='ltr'>in</span> <span class='ocrx_word' id='word_1_56' title='bbox 906 1416 1032 1462; x_wconf 89' lang='lat' dir='ltr'>ventrem</span> <span class='ocrx_word' id='word_1_57' title='bbox 1044 1423 1147 1472; x_wconf 87' lang='lat' dir='ltr'>meum,</span> 
     </span>
     <span class='ocr_line' id='line_1_14' title="bbox 503 1491 824 1560; baseline 0.003 -16"><span class='ocrx_word' id='word_1_58' title='bbox 503 1491 571 1545; x_wconf 90' lang='lat' dir='ltr'>Non</span> <span class='ocrx_word' id='word_1_59' title='bbox 583 1500 698 1560; x_wconf 87' lang='lat' dir='ltr'>attagen</span> <span class='ocrx_word' id='word_1_60' title='bbox 712 1491 824 1545; x_wconf 89' lang='lat' dir='ltr'>Ionicus</span> 
     </span>
    </p>

    <p class='ocr_par' dir='ltr' id='par_1_9' title="bbox 465 1569 1061 1725">
     <span class='ocr_line' id='line_1_15' title="bbox 465 1569 1061 1644; baseline -0.003 -16"><span class='ocrx_word' id='word_1_61' title='bbox 465 1569 626 1643; x_wconf 80' lang='lat' dir='ltr'>Jucundior,</span> <span class='ocrx_word' id='word_1_62' title='bbox 641 1591 726 1644; x_wconf 90' lang='lat' dir='ltr'>quam</span> <span class='ocrx_word' id='word_1_63' title='bbox 738 1575 811 1628; x_wconf 88' lang='lat' dir='ltr'>lecta</span> <span class='ocrx_word' id='word_1_64' title='bbox 823 1573 858 1629; x_wconf 94' lang='lat' dir='ltr'>de</span> <span class='ocrx_word' id='word_1_65' title='bbox 870 1572 1061 1643; x_wconf 83' lang='lat' dir='ltr'>pinguissimis</span> 
     </span>
     <span class='ocr_line' id='line_1_16' title="bbox 504 1656 837 1725; baseline -0.003 -13"><span class='ocrx_word' id='word_1_66' title='bbox 504 1657 588 1712; x_wconf 88' lang='lat' dir='ltr'>Oliva</span> <span class='ocrx_word' id='word_1_67' title='bbox 598 1656 684 1711; x_wconf 85' lang='lat' dir='ltr'>ramis</span> <span class='ocrx_word' id='word_1_68' title='bbox 697 1657 837 1725; x_wconf 90' lang='lat' dir='ltr'>arborum,</span> 
     </span>
    </p>

    <p class='ocr_par' dir='ltr' id='par_1_10' title="bbox 465 1738 1106 1894">
     <span class='ocr_line' id='line_1_17' title="bbox 465 1738 1106 1811; baseline -0.008 -16"><span class='ocrx_word' id='word_1_69' title='bbox 465 1742 523 1795; x_wconf 88' lang='lat' dir='ltr'>Aut</span> <span class='ocrx_word' id='word_1_70' title='bbox 534 1740 623 1794; x_wconf 89' lang='lat' dir='ltr'>herba</span> <span class='ocrx_word' id='word_1_71' title='bbox 634 1739 741 1810; x_wconf 87' lang='lat' dir='ltr'>lapathi</span> <span class='ocrx_word' id='word_1_72' title='bbox 753 1749 834 1811; x_wconf 87' lang='lat' dir='ltr'>prata</span> <span class='ocrx_word' id='word_1_73' title='bbox 846 1739 975 1808; x_wconf 87' lang='lat' dir='ltr'>amantis,</span> <span class='ocrx_word' id='word_1_74' title='bbox 988 1749 1016 1794; x_wconf 92' lang='lat' dir='ltr'>et</span> <span class='ocrx_word' id='word_1_75' title='bbox 1028 1738 1106 1809; x_wconf 91' lang='lat' dir='ltr'>gravi</span> 
     </span>
     <span class='ocr_line' id='line_1_18' title="bbox 501 1822 909 1894; baseline -0.002 -16"><span class='ocrx_word' id='word_1_76' title='bbox 501 1824 614 1879; x_wconf 83' lang='lat' dir='ltr'>Malvae</span> <span class='ocrx_word' id='word_1_77' title='bbox 627 1823 752 1878; x_wconf 87' lang='lat' dir='ltr'>salubres</span> <span class='ocrx_word' id='word_1_78' title='bbox 765 1824 883 1894; x_wconf 83' lang='lat' dir='ltr'>corpori,</span> <span class='ocrx_word' id='word_1_79' title='bbox 900 1822 909 1839; x_wconf 87' lang='lat'><em>‘</em></span> 
     </span>
    </p>

    <p class='ocr_par' dir='ltr' id='par_1_11' title="bbox 464 1906 1015 1976">
     <span class='ocr_line' id='line_1_19' title="bbox 464 1906 1015 1976; baseline -0.002 -14"><span class='ocrx_word' id='word_1_80' title='bbox 464 1908 517 1962; x_wconf 94' lang='lat' dir='ltr'>Vel</span> <span class='ocrx_word' id='word_1_81' title='bbox 529 1923 604 1976; x_wconf 88' lang='lat' dir='ltr'>agna</span> <span class='ocrx_word' id='word_1_82' title='bbox 615 1906 693 1960; x_wconf 86' lang='lat' dir='ltr'>festis</span> <span class='ocrx_word' id='word_1_83' title='bbox 706 1923 789 1961; x_wconf 90' lang='lat' dir='ltr'>caesa</span> <span class='ocrx_word' id='word_1_84' title='bbox 800 1906 1015 1974; x_wconf 86' lang='lat' dir='ltr'>Terminalibus,</span> 
     </span>
    </p>

    <p class='ocr_par' dir='ltr' id='par_1_12' title="bbox 464 1989 885 2060">
     <span class='ocr_line' id='line_1_20' title="bbox 464 1989 885 2060; baseline -0.002 -15"><span class='ocrx_word' id='word_1_85' title='bbox 464 1990 466 1994; x_wconf 82' lang='grc'><strong>’</strong></span> <span class='ocrx_word' id='word_1_86' title='bbox 501 1991 554 2045; x_wconf 94' lang='lat' dir='ltr'>Vel</span> <span class='ocrx_word' id='word_1_87' title='bbox 567 1989 675 2043; x_wconf 91' lang='lat' dir='ltr'>haedus</span> <span class='ocrx_word' id='word_1_88' title='bbox 688 1997 799 2058; x_wconf 92' lang='lat' dir='ltr'>ereptus</span> <span class='ocrx_word' id='word_1_89' title='bbox 810 1989 885 2060; x_wconf 88' lang='lat' dir='ltr'>lupo.</span> 
     </span>
    </p>

    <p class='ocr_par' dir='ltr' id='par_1_13' title="bbox 466 2071 1043 2225">
     <span class='ocr_line' id='line_1_21' title="bbox 466 2071 1043 2143; baseline 0.002 -17"><span class='ocrx_word' id='word_1_90' title='bbox 466 2074 530 2127; x_wconf 90' lang='lat' dir='ltr'>Has</span> <span class='ocrx_word' id='word_1_91' title='bbox 543 2072 615 2127; x_wconf 89' lang='lat' dir='ltr'>inter</span> <span class='ocrx_word' id='word_1_92' title='bbox 626 2072 724 2142; x_wconf 84' lang='lat' dir='ltr'>epulas</span> <span class='ocrx_word' id='word_1_93' title='bbox 736 2081 767 2127; x_wconf 92' lang='lat' dir='ltr'>ut</span> <span class='ocrx_word' id='word_1_94' title='bbox 776 2071 857 2142; x_wconf 71' lang='lat' dir='ltr'>juvat</span> <span class='ocrx_word' id='word_1_95' title='bbox 868 2081 964 2143; x_wconf 88' lang='lat' dir='ltr'>pastas</span> <span class='ocrx_word' id='word_1_96' title='bbox 977 2090 1043 2128; x_wconf 91' lang='lat' dir='ltr'>oves</span> 
     </span>
     <span class='ocr_line' id='line_1_22' title="bbox 499 2154 942 2225; baseline 0.002 -16"><span class='ocrx_word' id='word_1_97' title='bbox 499 2154 603 2210; x_wconf 94' lang='lat' dir='ltr'>Videre</span> <span class='ocrx_word' id='word_1_98' title='bbox 615 2164 796 2225; x_wconf 87' lang='lat' dir='ltr'>properantes</span> <span class='ocrx_word' id='word_1_99' title='bbox 809 2155 924 2211; x_wconf 91' lang='lat' dir='ltr'>domum</span> <span class='ocrx_word' id='word_1_100' title='bbox 936 2158 942 2210; x_wconf 82' lang='lat' dir='ltr'>l</span> 
     </span>
    </p>

    <p class='ocr_par' dir='ltr' id='par_1_14' title="bbox 463 2238 1072 2391">
     <span class='ocr_line' id='line_1_23' title="bbox 463 2238 1072 2294; baseline 0.003 -2"><span class='ocrx_word' id='word_1_101' title='bbox 463 2238 566 2294; x_wconf 89' lang='lat' dir='ltr'>Videre</span> <span class='ocrx_word' id='word_1_102' title='bbox 578 2238 667 2293; x_wconf 86' lang='lat' dir='ltr'>sessos</span> <span class='ocrx_word' id='word_1_103' title='bbox 679 2255 821 2294; x_wconf 89' lang='lat' dir='ltr'>vomerem</span> <span class='ocrx_word' id='word_1_104' title='bbox 833 2239 974 2294; x_wconf 89' lang='lat' dir='ltr'>inversum</span> <span class='ocrx_word' id='word_1_105' title='bbox 985 2241 1072 2294; x_wconf 89' lang='lat' dir='ltr'>boves</span> 
     </span>
     <span class='ocr_line' id='line_1_24' title="bbox 501 2321 899 2391; baseline 0 -14"><span class='ocrx_word' id='word_1_106' title='bbox 501 2322 580 2377; x_wconf 92' lang='lat' dir='ltr'>Collo</span> <span class='ocrx_word' id='word_1_107' title='bbox 593 2321 736 2376; x_wconf 89' lang='lat' dir='ltr'>trahentes</span> <span class='ocrx_word' id='word_1_108' title='bbox 749 2321 899 2391; x_wconf 87' lang='lat' dir='ltr'>languido!</span> 
     </span>
    </p>

    <p class='ocr_par' dir='ltr' id='par_1_15' title="bbox 464 2403 1078 2543">
     <span class='ocr_line' id='line_1_25' title="bbox 464 2403 1078 2476; baseline 0 -16"><span class='ocrx_word' id='word_1_109' title='bbox 464 2405 629 2476; x_wconf 90' lang='lat' dir='ltr'>Positosque</span> <span class='ocrx_word' id='word_1_110' title='bbox 640 2421 749 2472; x_wconf 90' lang='lat' dir='ltr'>vernas,</span> <span class='ocrx_word' id='word_1_111' title='bbox 761 2403 827 2459; x_wconf 89' lang='lat' dir='ltr'>ditis</span> <span class='ocrx_word' id='word_1_112' title='bbox 840 2422 958 2460; x_wconf 85' lang='lat' dir='ltr'>examen</span> <span class='ocrx_word' id='word_1_113' title='bbox 969 2404 1078 2471; x_wconf 89' lang='lat' dir='ltr'>domus,</span> 
     </span>
     <span class='ocr_line' id='line_1_26' title="bbox 501 2486 900 2543; baseline -0.003 0"><span class='ocrx_word' id='word_1_114' title='bbox 501 2488 613 2543; x_wconf 90' lang='lat' dir='ltr'>Circum</span> <span class='ocrx_word' id='word_1_115' title='bbox 624 2486 783 2542; x_wconf 86' lang='lat' dir='ltr'>renidentes</span> <span class='ocrx_word' id='word_1_116' title='bbox 797 2489 881 2542; x_wconf 87' lang='lat' dir='ltr'>Lares</span> <span class='ocrx_word' id='word_1_117' title='bbox 893 2490 900 2542; x_wconf 81' lang='lat' dir='ltr'>l</span> 
     </span>
    </p>

    <p class='ocr_par' dir='ltr' id='par_1_16' title="bbox 465 2569 988 2724">
     <span class='ocr_line' id='line_1_27' title="bbox 465 2569 988 2639; baseline -0.002 -13"><span class='ocrx_word' id='word_1_118' title='bbox 465 2573 546 2626; x_wconf 89' lang='lat' dir='ltr'>Haec</span> <span class='ocrx_word' id='word_1_119' title='bbox 559 2571 607 2626; x_wconf 91' lang='lat' dir='ltr'>ubi</span> <span class='ocrx_word' id='word_1_120' title='bbox 618 2571 728 2625; x_wconf 89' lang='lat' dir='ltr'>locutus</span> <span class='ocrx_word' id='word_1_121' title='bbox 740 2571 880 2625; x_wconf 85' lang='lat' dir='ltr'>fenerator</span> <span class='ocrx_word' id='word_1_122' title='bbox 890 2569 988 2639; x_wconf 90' lang='lat' dir='ltr'>Alfius,</span> 
     </span>
     <span class='ocr_line' id='line_1_28' title="bbox 496 2653 892 2724; baseline -0.003 -16"><span class='ocrx_word' id='word_1_123' title='bbox 496 2655 561 2724; x_wconf 93' lang='lat' dir='ltr'>Jam</span> <span class='ocrx_word' id='word_1_124' title='bbox 570 2654 632 2724; x_wconf 88' lang='lat' dir='ltr'>jam</span> <span class='ocrx_word' id='word_1_125' title='bbox 644 2653 751 2708; x_wconf 89' lang='lat' dir='ltr'>futurus</span> <span class='ocrx_word' id='word_1_126' title='bbox 764 2653 892 2720; x_wconf 88' lang='lat' dir='ltr'>rusticus,</span> 
     </span>
    </p>

    <p class='ocr_par' dir='ltr' id='par_1_17' title="bbox 467 2735 998 2890">
     <span class='ocr_line' id='line_1_29' title="bbox 467 2735 998 2807; baseline -0.006 -14"><span class='ocrx_word' id='word_1_127' title='bbox 467 2739 588 2793; x_wconf 94' lang='lat' dir='ltr'>Omnem</span> <span class='ocrx_word' id='word_1_128' title='bbox 600 2736 708 2807; x_wconf 88' lang='lat' dir='ltr'>redegit</span> <span class='ocrx_word' id='word_1_129' title='bbox 721 2735 819 2790; x_wconf 89' lang='lat' dir='ltr'>Idibus</span> <span class='ocrx_word' id='word_1_130' title='bbox 831 2735 980 2806; x_wconf 89' lang='lat' dir='ltr'>pecuniam</span> <span class='ocrx_word' id='word_1_131' title='bbox 990 2755 998 2800; x_wconf 90' lang='lat'>;</span> 
     </span>
     <span class='ocr_line' id='line_1_30' title="bbox 500 2818 887 2890; baseline -0.005 -14"><span class='ocrx_word' id='word_1_132' title='bbox 500 2820 615 2890; x_wconf 87' lang='lat' dir='ltr'>Quaerit</span> <span class='ocrx_word' id='word_1_133' title='bbox 629 2818 764 2874; x_wconf 91' lang='lat' dir='ltr'>Kalendis</span> <span class='ocrx_word' id='word_1_134' title='bbox 776 2835 887 2889; x_wconf 86' lang='lat' dir='ltr'>ponere.</span> 
     </span>
    </p>
   </div>
   <div class='ocr_carea' id='block_1_4' title="bbox 633 3014 920 3178">
    <p class='ocr_par' dir='ltr' id='par_1_18' title="bbox 633 3014 920 3178">
     <span class='ocr_line' id='line_1_31' title="bbox 634 3014 918 3070; baseline -0.004 0"><span class='ocrx_word' id='word_1_135' title='bbox 634 3014 823 3070; x_wconf 88' lang='lat' dir='ltr'><strong>CARMEN</strong></span> <span class='ocrx_word' id='word_1_136' title='bbox 856 3015 918 3069; x_wconf 88' lang='lat'>111.</span> 
     </span>
     <span class='ocr_line' id='line_1_32' title="bbox 633 3133 920 3178; baseline 0.003 -2"><span class='ocrx_word' id='word_1_137' title='bbox 633 3135 677 3176; x_wconf 79' lang='lat' dir='ltr'>nr&gt;</span> <span class='ocrx_word' id='word_1_138' title='bbox 696 3133 920 3178; x_wconf 76' lang='lat' dir='ltr'>Mascnnnrnn.</span> 
     </span>
    </p>
   </div>
   <div class='ocr_carea' id='block_1_5' title="bbox 464 3229 1015 3536">
    <p class='ocr_par' dir='ltr' id='par_1_19' title="bbox 465 3229 1015 3384">
     <span class='ocr_line' id='line_1_33' title="bbox 465 3229 1015 3302; baseline -0.004 -16"><span class='ocrx_word' id='word_1_139' title='bbox 465 3233 624 3286; x_wconf 74' lang='lat' dir='ltr'>PARuttrts</span> <span class='ocrx_word' id='word_1_140' title='bbox 636 3230 705 3285; x_wconf 91' lang='lat' dir='ltr'>olim</span> <span class='ocrx_word' id='word_1_141' title='bbox 717 3230 741 3284; x_wconf 92' lang='lat' dir='ltr'>si</span> <span class='ocrx_word' id='word_1_142' title='bbox 753 3229 816 3301; x_wconf 92' lang='lat' dir='ltr'>quis</span> <span class='ocrx_word' id='word_1_143' title='bbox 830 3230 917 3302; x_wconf 85' lang='lat' dir='ltr'>impia</span> <span class='ocrx_word' id='word_1_144' title='bbox 928 3246 1015 3285; x_wconf 89' lang='lat' dir='ltr'>manu</span> 
     </span>
     <span class='ocr_line' id='line_1_34' title="bbox 499 3313 832 3384; baseline -0.003 -15"><span class='ocrx_word' id='word_1_145' title='bbox 499 3314 593 3369; x_wconf 91' lang='lat' dir='ltr'>Senile</span> <span class='ocrx_word' id='word_1_146' title='bbox 605 3322 700 3384; x_wconf 88' lang='lat' dir='ltr'>guttur</span> <span class='ocrx_word' id='word_1_147' title='bbox 711 3313 832 3382; x_wconf 81' lang='lat' dir='ltr'>fregerit,</span> 
     </span>
    </p>

    <p class='ocr_par' dir='ltr' id='par_1_20' title="bbox 464 3394 916 3536">
     <span class='ocr_line' id='line_1_35' title="bbox 464 3394 916 3452; baseline -0.007 -1"><span class='ocrx_word' id='word_1_148' title='bbox 464 3397 532 3452; x_wconf 90' lang='lat' dir='ltr'>Edit</span> <span class='ocrx_word' id='word_1_149' title='bbox 543 3397 642 3451; x_wconf 87' lang='lat' dir='ltr'>cicutis</span> <span class='ocrx_word' id='word_1_150' title='bbox 655 3396 751 3450; x_wconf 88' lang='lat' dir='ltr'>allium</span> <span class='ocrx_word' id='word_1_151' title='bbox 762 3394 916 3450; x_wconf 89' lang='lat' dir='ltr'>nocentius.</span> 
     </span>
     <span class='ocr_line' id='line_1_36' title="bbox 500 3478 854 3536; baseline -0.006 0"><span class='ocrx_word' id='word_1_152' title='bbox 500 3481 525 3536; x_wconf 92' lang='grc' dir='ltr'>Ο</span> <span class='ocrx_word' id='word_1_153' title='bbox 538 3480 609 3535; x_wconf 84' lang='lat' dir='ltr'>dura</span> <span class='ocrx_word' id='word_1_154' title='bbox 620 3495 776 3535; x_wconf 87' lang='lat' dir='ltr'>messorum</span> <span class='ocrx_word' id='word_1_155' title='bbox 789 3478 854 3534; x_wconf 76' lang='lat' dir='ltr'>ilia!</span> 
     </span>
    </p>
   </div>
   <div class='ocr_carea' id='block_1_6' title="bbox 0 0 1400 4168">
    <p class='ocr_par' dir='ltr' id='par_1_21' title="bbox 0 0 1400 4168">
     <span class='ocr_line' id='line_1_37' title="bbox 0 0 1400 4168; baseline 0 3"><span class='ocrx_word' id='word_1_156' title='bbox 0 0 1400 4168; x_wconf 95' lang='lat' dir='ltr'> </span> 
     </span>
    </p>
   </div>
  </div>
 </body>
</html>
