2792 4168
340 450 397 508 106
595 461 727 505 nonnam
747 459 919 504 cnnmuum

407 595 583 663 Campestres
595 592 694 647 melius
709 592 838 662 Scythae,

441 677 567 745 Quorum
579 676 704 746 plaustra
715 692 801 745 vagas
814 676 866 730 rite
878 673 992 729 trahunt
1004 673 1113 739 domos,

404 758 517 827 Vivunt,
527 761 558 813 'et
573 759 656 828 rigidi
671 761 767 827 Getae,

441 843 591 897 Immetata
602 843 704 914 quibus
713 843 813 913 jugera
823 842 925 896 liberas

403 979 510 1048 Fruges
523 989 550 1033 et
565 980 693 1033 Cererem
704 978 804 1046 ferunt,

438 1063 465 1115 N
468 1078 499 1116 ec
513 1062 621 1116 cultura
632 1062 725 1131 placet
737 1061 845 1130 longior
857 1077 959 1128 annua,
1005 1087 1006 1092 κ

404 1144 629 1215 Defunctumque
641 1144 784 1198 laboribus

435 1228 553 1299 Aequali
566 1236 672 1282 recreat
684 1237 758 1283 sorte
770 1227 898 1282 vicarius.

403 1363 462 1417 Illic
475 1373 564 1418 matre
577 1363 736 1417 carentibus

437 1446 574 1516 Privignis
587 1446 686 1500 mulier
698 1455 835 1515 temperat
847 1445 982 1499 innocens
993 1465 1000 1510 ;

400 1529 461 1582 Nec
474 1528 571 1582 dotata
583 1529 654 1598 regit
665 1528 755 1581 virum

437 1611 553 1681 Conjux,
566 1628 618 1666 nec
631 1611 720 1665 nitido
733 1611 795 1666 fidit
808 1610 942 1665 adultero.

401 1748 461 1800 Dos
474 1756 517 1800 est
529 1763 634 1816 magna
645 1746 803 1816 parentium
869 1791 873 1800 .

433 1828 529 1883 Virtus
542 1839 569 1882 et
582 1839 709 1883 metuens
722 1829 835 1884 alterius
847 1828 898 1882 viri

400 1913 484 1965 Certo
498 1911 608 1966 loedere
621 1912 745 1980 castitas,

434 1995 471 2047 Et
484 2010 600 2063 peccare
612 1995 699 2057 nefas,
714 2004 763 2050 aut
774 1995 895 2065 pretium
907 2005 950 2050 est
961 1995 1040 2049 mori.

399 2130 423 2183 Ο
438 2128 563 2200 quisquis
577 2131 652 2185 volet
665 2131 767 2201 impias

433 2211 541 2267 Caedes
554 2222 582 2268 et
594 2213 702 2268 rabiem
714 2214 810 2269 tollere
823 2214 949 2282 civicam,

398 2295 428 2349 Si
441 2306 555 2364 quaeret
569 2298 652 2351 Pater
663 2297 774 2351 urbium

433 2379 576 2433 Subscribi
590 2381 698 2449 statuis,
711 2381 879 2435 indomitam
891 2380 993 2435 audeat

396 2514 547 2569 Refrenare
558 2515 710 2585 licentiam,

431 2598 529 2652 Clarus
542 2599 725 2668 postgenitis:
746 2610 883 2670 quatenus
897 2600 962 2669 (heu
974 2600 1052 2655 nefas
1062 2599 1080 2669 l)

395 2681 535 2736 Virtutem
548 2682 717 2736 incolumem
729 2683 849 2751 odimus,

431 2765 578 2818 Sublatam
591 2782 625 2819 ex
637 2765 726 2819 oculis
739 2766 899 2836 quaerimus
912 2765 1008 2820 invidi.

396 2886 471 2956 Quid
483 2887 576 2941 tristes
589 2888 787 2957 querimoniae,

428 2970 460 3024 Si
472 2987 529 3024 non
544 2971 681 3041 supplicio
694 2972 777 3041 culpa
789 2972 938 3029 reciditur?

394 3053 470 3122 Quid
482 3054 558 3123 leges
572 3053 631 3109 sine
644 3055 769 3110 moribus

428 3136 525 3190 Vanae
538 3137 696 3206 proficiunt,
710 3138 734 3192 si
746 3155 837 3213 neque
849 3139 962 3194 fervidis

395 3256 462 3308 Pars
476 3254 585 3311 inclusa
597 3258 736 3314 caloribus

430 3338 540 3406 Mundi,
553 3356 605 3394 nec
619 3343 726 3398 Boreae
738 3344 887 3400 finitimum
899 3345 972 3400 latus

394 3421 573 3490 Durataeque
586 3423 646 3477 solo
658 3425 737 3479 nives

430 3504 616 3559 Mercatorem
629 3507 764 3576 abigunt?
783 3509 896 3564 horrida
909 3509 1002 3564 callidi
