2804 4176
354 528 369 566 2
373 527 414 584 34
589 523 720 567 HORATII
744 521 963 566 EPISTOLARUM

350 654 432 708 Solve
444 661 637 708 senescentem
648 661 757 707 mature
769 669 855 706 sanus
868 668 980 722 equum,
992 666 1028 704 ne

350 737 451 790 Peccet
463 735 500 789 ad
513 744 667 790 extremum
679 735 822 802 ridenduS,
835 743 862 789 et
875 733 923 788 ilia
935 734 1027 788 ducat.

349 820 433 872 Nunc
446 818 540 888 itaque
553 827 581 873 et
593 835 688 873 versus
701 828 728 872 et
741 827 835 872 cetera
846 817 954 872 ludicra
964 832 1041 886 pono
1055 833 1063 880 3

349 901 424 971 Quid
433 919 530 956 verum
540 910 623 972 atque
633 901 735 956 decens
745 917 811 955 curo
822 910 849 954 et
858 915 935 970 rogo,
945 909 973 954 et
982 899 1075 954 omnis
1085 897 1115 951 in
1124 897 1179 952 hoc
1191 913 1256 952 sum
1267 914 1274 960 ;

348 984 447 1038 Condo
460 994 488 1038 et
500 1001 639 1054 compono
652 1001 724 1054 quae
737 1001 803 1038 mox
815 984 979 1052 depromere
991 981 1108 1052 possim.

348 1068 390 1120 Ac
402 1083 439 1121 ne
450 1066 521 1122 sorte
533 1084 623 1137 roges,
636 1084 692 1137 quo
704 1083 750 1121 me
763 1067 843 1134 duce,
856 1082 912 1136 quo
924 1067 982 1119 lare
994 1074 1084 1119 tuter:

351 1150 463 1204 Nullius
476 1150 605 1204 addictus
614 1149 708 1219 jurare
722 1150 751 1202 in
763 1150 849 1203 verba
861 1148 997 1217 magistri,

351 1233 415 1301 Quo
427 1249 473 1286 me
485 1249 594 1302 cunque
606 1233 679 1302 rapit
692 1241 853 1301 tempestas,
866 1231 975 1285 deferor
986 1231 1097 1300 hospes

352 1317 436 1369 Nunc
449 1315 530 1384 agilis
542 1315 588 1383 fio,
600 1325 629 1370 et
640 1332 747 1370 mersor
760 1315 887 1369 civilibus
900 1313 992 1381 undis,

349 1398 467 1452 Virtutis
479 1414 561 1453 verae
574 1408 668 1452 custos
680 1398 842 1468 rigidusque
854 1397 984 1451 satelles:

352 1483 436 1536 Nunc
449 1482 478 1535 in
490 1482 626 1551 Aristippi
638 1482 731 1536 furtim
745 1489 895 1550 praecepta
906 1481 1024 1547 relabor,
1091 1498 1092 1501 ¹

351 1565 389 1618 Et
401 1564 471 1618 mihi
483 1581 536 1632 res,
548 1582 606 1618 non
618 1581 664 1618 me
676 1565 767 1632 rebus,
781 1563 949 1633 subjungere
962 1580 1055 1617 conor.

352 1648 393 1700 Ut
405 1664 461 1701 nox
473 1648 565 1716 longa,
578 1647 680 1717 quibus
692 1647 826 1701 mentitur
837 1646 938 1709 amica,
954 1646 1071 1716 diesque

351 1731 450 1801 Longa
460 1730 570 1784 videtur
582 1747 653 1799 opus
666 1729 832 1784 debentibus
844 1749 851 1796 ;
870 1738 901 1783 ut
912 1729 992 1799 piger
1004 1746 1095 1784 annus

352 1813 477 1882 Pupillis,
490 1830 560 1883 quos
573 1813 644 1867 dura
656 1812 757 1882 premit
769 1812 898 1866 custodia
910 1821 1032 1866 matrum
1043 1831 1051 1878 ;

352 1895 399 1950 Sic
412 1895 482 1948 mihi
495 1895 577 1949 tarda
588 1895 678 1949 fluunt
690 1895 855 1965 ingrataque
867 1903 1002 1966 tempora,
1015 1912 1087 1965 quae
1100 1911 1179 1966 spem

353 1977 563 2048 Consiliumque
576 1987 720 2032 morantur
732 1977 834 2047 agendi
846 1978 955 2034 naviter
966 1979 1005 2046 id,
1018 1979 1094 2048 quod

351 2063 449 2130 Aeque
461 2062 631 2130 pauperibus
643 2058 766 2130 prodest,
778 2061 964 2131 locupletibus
976 2078 1065 2132 aeque
1076 2081 1083 2128 ;

351 2147 448 2214 Aeque
460 2145 619 2213 neglectum
630 2145 724 2213 pueris
737 2145 905 2215 senibusque
917 2145 1037 2199 nocebit.

353 2229 461 2295 Restat,
474 2219 561 2282 uthis
575 2244 627 2297 ego
639 2244 685 2282 me
697 2227 757 2297 ipse
769 2244 865 2298 regam
878 2229 1005 2298 solerque
1018 2227 1163 2284 elementis
1176 2249 1182 2283 z

354 2312 421 2364 Non
433 2311 525 2380 possis
537 2311 618 2366 oculo
631 2320 767 2381 quantum
780 2311 949 2366 contendere
963 2313 1098 2380 Lynceus,

353 2396 420 2449 Non
433 2404 528 2450 tamen
541 2394 646 2455 idcirco
658 2404 822 2450 contemnas
834 2395 926 2464 lippus
937 2395 1034 2464 inungi
1045 2415 1052 2462 ;

352 2479 422 2545 Nec,
436 2478 502 2548 quia
514 2478 645 2547 desperes
657 2477 754 2534 invicti
767 2479 896 2532 membra
908 2478 1050 2547 Glyconis,

352 2560 471 2615 Nodosa
483 2578 583 2631 corpus
596 2561 668 2616 nolis
680 2561 828 2631 prohibere
840 2561 982 2630 cheragra.
1036 2607 1039 2614 ,

352 2644 405 2697 Est
417 2643 540 2714 quadam
553 2644 664 2713 prodire
677 2654 767 2712 tenus,
780 2644 803 2698 si
817 2660 874 2698 non
886 2644 969 2698 datur
980 2645 1060 2698 ultra.

352 2727 453 2781 Fervet
465 2727 583 2781 avaritia
594 2727 752 2797 miseroque
764 2727 896 2796 cupidine
908 2735 1023 2796 pectus:

352 2811 424 2864 Sunt
436 2811 522 2864 verba
534 2819 562 2864 et
573 2827 665 2878 voces,
679 2811 780 2880 quibus
792 2810 868 2864 hunc
880 2810 967 2864 lenire
980 2810 1105 2865 dolorem

352 2893 455 2960 Possis,
468 2902 497 2947 et
508 2910 642 2962 magnam
654 2893 745 2947 morbi
758 2893 898 2962 deponere
910 2903 1026 2962 partem.

352 2975 456 3030 Laudis
469 2992 564 3030 amore
576 2984 684 3030 tumes:
705 2985 770 3029 sunt
783 2985 859 3030 certa
870 2974 990 3046 piacula,
1003 2987 1114 3047 quaere

350 3059 408 3112 Ter
419 3076 488 3128 pure
500 3059 572 3113 lecto
585 3067 716 3127 poterunt
728 3075 853 3113 recreare
864 3060 967 3114 libello.

352 3141 476 3208 Invidus,
489 3141 648 3209 iracunduS,
661 3141 743 3210 inem,
756 3142 878 3210 vinosus,
892 3152 1008 3211 amator,

353 3226 446 3278 Nemo
459 3223 531 3278 adeo
543 3224 617 3280 serus
630 3234 680 3293 est,
694 3235 794 3280 utnon
803 3227 949 3281 mitescere
961 3227 1059 3296 possit,

352 3307 382 3360 Si
395 3307 480 3361 modo
493 3308 616 3362 culturae
628 3308 782 3377 patientem
795 3309 955 3364 commodet
968 3326 1072 3364 aurem.

351 3389 447 3444 Virtus
458 3399 502 3444 est
514 3390 614 3445 vitium
625 3391 729 3460 lugere,
741 3402 769 3446 et
782 3392 920 3462 sapientia
931 3392 1023 3462 prima

352 3472 477 3527 Stultitia
489 3473 619 3528 caruisse.
656 3475 753 3543 Vides,
767 3493 838 3545 quae
850 3476 975 3530 maxima
986 3477 1077 3531 credis

354 3557 425 3611 Esse
437 3556 521 3624 mala,
534 3557 664 3626 exiguum
677 3574 801 3626 censum,
814 3567 979 3630 turpemque
991 3561 1140 3630 repulsam,
