2804 4176
358 545 417 602 230
611 541 742 585 aoaxru
766 541 946 585 sxmxxnuu

356 672 400 724 De
413 669 506 724 medio
518 677 615 739 potare
628 670 680 724 die.
721 671 777 738 Sic,
790 678 820 725 ut
832 669 901 724 mihi
914 685 1061 739 nunquam

356 755 389 806 In
401 753 459 806 vita
471 752 552 806 luerit
564 753 669 807 melius.
711 755 765 821 Da,
779 751 803 807 si
815 769 899 822 grave
912 761 1031 819 nonest,

357 837 435 904 Quae
448 835 538 905 prima
550 835 652 889 iratum
663 845 790 890 ventrem
803 834 954 905 placaverit
968 851 1040 888 esca.

357 919 390 972 In
403 918 500 988 primis
515 920 644 972 Lucanus
657 935 741 988 aper:
763 918 818 972 leni
831 916 883 972 suit
894 919 998 971 Austro

357 1002 470 1070 Captus,
483 1010 514 1055 ut
526 1001 620 1055 aiebat
633 1017 737 1055 coenae
749 1008 829 1070 pater
840 1019 847 1065 ;
865 1000 942 1054 acria
954 999 1060 1056 circum

358 1085 476 1154 Rapula
489 1085 624 1152 lactucae,
636 1084 755 1151 radices,
769 1083 863 1154 qualia
874 1084 982 1136 lassum

358 1168 515 1222 Pervellunt
527 1167 712 1234 stomachum,
726 1167 803 1234 siser,
816 1167 894 1233 allec,
907 1165 1016 1220 saecula
1029 1165 1096 1219 Coa.

359 1251 413 1305 His
425 1251 473 1305 ubi
486 1251 612 1318 sublatiS,
624 1268 693 1321 puer
706 1251 762 1304 alte
774 1249 882 1303 cinctus
895 1265 1028 1303 acernam

358 1336 490 1404 Gausape
503 1348 641 1404 purpureo
653 1350 781 1387 mensam
794 1332 930 1402 pertersit,
944 1341 971 1385 et
984 1333 1053 1385 alter

359 1417 485 1487 Sublegit
498 1418 684 1487 quodcunque
693 1417 799 1487 jaceret
812 1416 916 1483 inutile,
930 1415 1061 1485 quodque

359 1503 457 1556 Posset
469 1509 620 1554 coenantes
633 1499 773 1554 offendere
785 1519 791 1555 ι
810 1509 841 1554 ut
852 1499 948 1553 Attica
959 1498 1039 1567 virgo

361 1584 432 1637 Cum
445 1583 531 1637 sacris
545 1582 662 1650 Cereris,
674 1582 800 1652 procedit
813 1582 907 1637 fuscus
921 1580 1072 1650 Hydaspes

360 1666 491 1721 Caecuba
502 1666 568 1718 vina
580 1665 670 1720 serens
682 1685 689 1731 3
709 1666 808 1733 Alcon,
823 1665 924 1720 Chium
936 1665 1022 1718 maris
1035 1679 1141 1733 expers.

360 1750 417 1803 Hic
429 1749 532 1814 herus3
549 1749 700 1816 Albanum,
714 1750 875 1815 Maecenas,
889 1749 947 1802 sive
961 1748 1110 1801 Falernum

359 1834 401 1886 Te
413 1832 505 1901 magis
518 1831 654 1900 appositis
667 1831 788 1885 delectat
799 1850 806 1896 ;
824 1832 961 1885 habemus
973 1840 1129 1899 utrumque.
1194 1880 1196 1884 .

361 1915 482 1969 Divitias
494 1915 629 1969 miseras!
667 1914 724 1968 Sed
737 1914 800 1984 quis
813 1915 996 1969 coenantibus
1008 1930 1073 1981 una,

361 1997 499 2065 Fundani,
512 1998 627 2067 pulchre
639 1997 720 2051 fuerit
733 1997 793 2064 tibi,
806 2014 890 2052 nosse
902 1999 1008 2052 laboro.

362 2082 494 2136 Summus
507 2097 568 2148 ego,
581 2089 609 2134 et
621 2097 708 2150 prope
721 2097 767 2134 me
779 2081 879 2136 Viscus
893 2081 1042 2147 Thurinus,
1055 2089 1084 2134 et
1095 2078 1176 2144 infra,

362 2164 393 2219 Si
406 2163 529 2230 memini,
541 2163 641 2217 Varius
653 2182 660 2228 ;
679 2180 743 2218 cum
757 2164 874 2218 Servilio
888 2165 1039 2217 Balatrone

360 2245 497 2314 Vibidius,
510 2263 581 2316 quos
595 2248 747 2301 Maecenas
760 2247 914 2302 adduxerat
926 2248 1048 2302 umbras.

364 2331 561 2384 Nomentanus
574 2339 633 2384 erat
645 2347 729 2399 super
741 2330 842 2400 ipsum,
855 2331 970 2385 Porcius
983 2330 1063 2397 insta,

363 2413 509 2468 Ridiculus
521 2422 595 2467 totas
609 2416 695 2468 semel
707 2415 857 2469 obsorbere
869 2415 1021 2484 placentas.

364 2499 559 2551 Nomentanus
572 2496 685 2564 adhoc,
698 2498 754 2567 qui,
768 2497 791 2551 si
804 2497 872 2568 quid
884 2498 955 2552 forte
966 2498 1073 2565 lateret,

364 2579 461 2634 Indice
471 2588 639 2634 monstraret
648 2580 754 2650 digito:
774 2598 840 2635 nam
853 2590 946 2635 cetera
958 2583 1048 2650 turba,

364 2665 434 2731 Nos,
447 2663 571 2733 inquam,
584 2679 736 2718 coenamus
748 2681 824 2732 aves,
837 2664 992 2734 conchylia,
1005 2664 1105 2734 pisces,

365 2749 461 2816 Longe
473 2746 639 2802 dissimilem
651 2757 719 2801 noto
732 2747 853 2801 celantia
865 2764 963 2802 sucum
974 2767 981 2813 ;

365 2832 405 2885 Ut
417 2830 462 2883 vel
474 2831 606 2886 continuo
619 2830 717 2900 patuit,
730 2847 795 2884 cum
807 2831 929 2901 passeris
941 2830 1007 2898 assi,
1019 2841 1047 2885 et

366 2914 512 2982 lngustata
525 2914 594 2967 mihi
606 2922 766 2982 porrexerat
778 2912 827 2967 ilia
839 2913 958 2968 rhombi.

364 2998 431 3050 Post
443 2996 498 3050 hoc
510 3013 556 3050 me
568 2995 673 3062 docuit,
685 2995 826 3050 melimela
837 2997 936 3050 rubere
949 2997 1087 3051 minorem

363 3081 408 3134 Ad
420 3081 516 3134 lunam
529 3081 654 3134 delecta:
675 3079 809 3149 quidhoc
823 3080 939 3147 intersit,
953 3081 989 3134 ab
1002 3081 1064 3151 ipso

366 3163 495 3218 Audieris
507 3163 613 3218 melius.
651 3165 726 3217 Tum
738 3163 868 3217 Vibidius
883 3165 1025 3218 Balatroni
1039 3183 1044 3218 :

366 3248 436 3314 Nos,
449 3246 502 3300 nisi
515 3247 651 3301 damnose
662 3247 793 3314 bibimus,
806 3247 957 3301 moriemur
969 3247 1066 3302 inulti:

365 3332 403 3384 Et
416 3330 516 3383 calices
529 3331 620 3400 poscit
633 3330 761 3399 majores.
800 3331 914 3385 Vertere
926 3331 1016 3400 pallor

365 3415 439 3467 Tum
451 3413 566 3482 parochi
579 3413 688 3481 faciem,
701 3414 741 3466 nil
754 3413 794 3467 sic
807 3415 957 3469 metuentis
969 3423 1001 3469 ut
1013 3431 1091 3468 acres

366 3498 499 3560 Potores;
518 3497 563 3549 vel
575 3495 650 3565 quod
663 3498 737 3550 male
750 3496 847 3551 dicunt
858 3498 981 3566 liberius,
993 3499 1037 3552 vel

366 3577 486 3632 Fervida
499 3578 574 3647 quod
587 3579 688 3633 subtile
701 3579 852 3634 exsurdant
863 3580 930 3633 vina
942 3582 1074 3650 palatum.
1184 3607 1208 3654 33
