2748 4138
332 407 393 477 264
568 385 699 462 noienru
723 419 941 464 arrsrocnauu

331 551 408 603 Dum
421 549 514 604 studet
527 549 658 616 urbanus,
670 549 815 619 tenditque
828 547 947 602 disertus
960 546 1064 603 haberi.

330 633 444 702 Decipit
456 633 597 702 exemplar
608 632 683 686 vitiis
696 631 848 685 imitabile:
869 631 970 702 quodsi

330 716 466 770 Pallerem
479 732 554 783 casu,
567 716 695 770 biberent
707 731 847 783 exsangue
860 715 1013 769 cuminum.

330 799 355 852 Ο
369 798 531 866 imitatores,
545 814 656 852 servum
669 815 763 867 pecus,
776 806 806 851 ut
818 796 888 850 mihi
901 813 985 866 saepe

329 882 428 948 Bilem,
441 898 525 950 saepe
534 881 631 951 jocum
643 880 729 934 vestri
740 897 853 934 movere
865 881 1000 934 tumultus
1013 881 1019 933 !

329 965 430 1020 Libera
441 982 491 1034 per
502 981 622 1018 vacuum
635 963 716 1033 posui
728 963 847 1032 vestigia
858 963 989 1032 princeps
1000 981 1007 1026 ;

330 1051 397 1103 Non
410 1048 502 1102 aliena
513 1065 576 1102 meo
589 1047 679 1116 pressi
692 1047 779 1116 pede:
800 1046 848 1117 qui
862 1046 915 1100 sibi
929 1045 990 1098 fidit

330 1133 395 1185 Dux
407 1131 479 1200 regit
491 1147 615 1185 examen.
655 1130 751 1183 Parios
764 1146 816 1198 ego
829 1129 936 1198 primus
949 1128 1058 1183 iambos

329 1214 447 1269 Ostendi
461 1214 541 1268 Latio
553 1233 559 1278 ;
578 1229 710 1267 numeros
722 1212 887 1282 animosque
900 1221 1012 1266 secutus

328 1297 498 1364 Archilochi,
511 1313 567 1350 non
580 1313 625 1350 res
637 1305 665 1350 et
678 1296 791 1364 agentia
802 1295 889 1349 verba
902 1295 1070 1364 Lycamben.

327 1382 378 1448 Ac,
392 1397 427 1434 ne
440 1397 485 1434 me
497 1379 571 1434 soliis
585 1379 647 1433 ideo
660 1378 833 1433 brevioribus
846 1395 936 1446 ornes,

329 1464 412 1533 Quod
424 1464 505 1517 timui
517 1473 625 1517 mutare
639 1461 740 1516 modos
753 1471 781 1516 et
793 1461 925 1514 carminis
938 1471 1028 1515 artem
1040 1479 1045 1515 :

328 1549 479 1615 Temperat
491 1544 653 1600 Archilochi
666 1546 780 1598 Musam
792 1543 865 1613 pede
877 1544 1003 1597 mascula
1016 1542 1131 1613 Sappho
1143 1562 1150 1607 ;

327 1631 479 1698 Temperat
491 1629 611 1682 Alcaeus
623 1647 630 1692 ;
649 1627 699 1680 sed
711 1627 794 1680 rebus
807 1635 835 1679 et
848 1625 945 1680 ordine
957 1626 1061 1696 dispar,

329 1713 356 1763 N
360 1728 391 1764 ec
405 1727 531 1764 socerum
544 1709 652 1781 quaerit
665 1725 749 1778 quem
761 1709 887 1762 versibus
901 1708 1008 1763 oblinat
1020 1709 1087 1764 atris
1101 1729 1108 1774 ;

329 1795 391 1847 Nec
404 1810 525 1862 sponsae
537 1794 669 1862 laqueum
680 1791 790 1845 famoso
803 1791 926 1847 carmine
939 1792 1033 1848 nectit

331 1875 416 1928 Hunc
430 1891 490 1943 ego,
503 1891 560 1928 non
574 1874 628 1927 alio
642 1873 749 1928 dictum
761 1873 837 1943 prius
852 1891 908 1941 ore,
922 1874 1038 1928 Latinus

328 1957 448 2025 Volgavi
461 1956 580 2010 fidicen:
597 1957 677 2026 juvat
690 1957 886 2014 immemorata
897 1956 1031 2010 ferentem

331 2039 463 2108 Ingenuis
477 2039 619 2108 oculisque
631 2039 686 2108 legi
700 2039 885 2110 manibusque
898 2039 994 2093 teneri.

329 2122 407 2176 Scire
419 2122 497 2189 velis,
509 2138 573 2175 mea
586 2139 634 2176 cur
647 2122 772 2191 ingratus
785 2123 920 2191 opuscula
931 2122 1019 2176 lector

331 2204 438 2257 Laudet
451 2212 582 2273 ametque
594 2204 680 2271 domi,
692 2213 802 2273 premat
814 2212 892 2257 extra
904 2203 990 2257 limen
1003 2203 1134 2274 iniquus?

333 2289 400 2340 Non
413 2303 465 2356 ego
478 2295 612 2341 ventosae
625 2287 715 2356 plebis
728 2286 861 2355 suffragia
872 2303 958 2340 venor

333 2370 473 2439 Impensis
486 2386 646 2437 coenarum,
659 2379 687 2424 et
699 2370 781 2424 tritae
793 2386 908 2423 munere
920 2369 1023 2424 vestis:

333 2454 399 2506 Non
412 2469 464 2521 ego
477 2453 614 2506 nobilium
627 2453 794 2522 scriptorum
807 2452 918 2506 auditor
931 2462 958 2507 et
970 2454 1051 2521 ultor,

333 2537 540 2590 Grammaticos
553 2536 660 2590 ambire
673 2536 762 2590 tribus
774 2544 802 2589 et
814 2536 923 2605 pulpita
935 2536 1051 2604 dignor:

332 2619 408 2672 Hinc
422 2619 486 2672 illae
498 2619 637 2672 lacrimae
676 2618 781 2688 Spissis
794 2618 911 2687 indigna
923 2617 1040 2672 theatris

331 2702 442 2771 Scripta
453 2701 540 2771 pudet
552 2702 677 2768 recitare,
690 2711 718 2755 et
730 2701 812 2770 nugis
826 2700 928 2754 addere
940 2702 1059 2770 pondus,

325 2785 362 2838 ·Si
375 2784 432 2838 dixi
443 2803 450 2849 ;
471 2784 567 2852 Rides,
580 2784 628 2852 ait,
641 2793 669 2838 et
680 2784 758 2854 Jovis
771 2784 884 2838 auribus
898 2783 952 2837 ista

332 2868 432 2921 Servas
444 2885 449 2920 :
470 2867 534 2921 fidis
547 2868 623 2921 enim
635 2883 750 2922 manare
762 2867 874 2938 poetica
886 2868 969 2920 mella

331 2951 373 3004 Te
386 2952 485 3017 solum,
498 2950 549 3004 tibi
561 2950 684 3020 pulcher.
721 2951 767 3004 Ad
780 2951 850 3005 haec
864 2967 916 3020 ego
928 2950 1043 3004 naribus
1056 2950 1096 3005 uti

332 3033 465 3088 Formido
476 3053 483 3098 3
502 3043 538 3102 et,
551 3034 683 3089 luctantis
696 3044 779 3089 acuto
792 3051 827 3088 ne
840 3050 917 3088 secer
930 3033 1024 3102 ungui,

332 3116 470 3186 Displicet
482 3117 535 3171 iste
548 3118 634 3185 locus,
648 3118 747 3185 clamo,
760 3126 789 3171 et
801 3116 908 3170 diludia
919 3133 1013 3186 posco.

332 3198 426 3252 Ludus
439 3199 515 3252 enim
527 3200 623 3269 genuit
636 3200 776 3269 trepidum
789 3208 939 3266 certamen,
952 3208 981 3254 et
993 3199 1081 3264 iram;

331 3283 377 3335 Ira
389 3290 480 3336 truces
494 3283 663 3350 inimicitias,
676 3291 704 3336 et
715 3281 831 3336 funebre
843 3281 955 3336 bellum.
1159 3318 1186 3354 49
