<?xml version="1.0" encoding="UTF-8"?>
<!DOCTYPE html PUBLIC "-//W3C//DTD XHTML 1.0 Transitional//EN"
    "http://www.w3.org/TR/xhtml1/DTD/xhtml1-transitional.dtd">
<html xmlns="http://www.w3.org/1999/xhtml" xml:lang="en" lang="en">
 <head>
  <title>
</title>
<meta http-equiv="Content-Type" content="text/html;charset=utf-8" />
  <meta name='ocr-system' content='tesseract 3.04.00' />
  <meta name='ocr-capabilities' content='ocr_page ocr_carea ocr_par ocr_line ocrx_word'/>
</head>
<body>
  <div class='ocr_page' id='page_1' title='image "./quintihoratiifl00milmgoog_0037.png"; bbox 0 0 2766 4162; ppageno 0'>
   <div class='ocr_carea' id='block_1_1' title="bbox 585 436 909 479">
    <p class='ocr_par' dir='ltr' id='par_1_1' title="bbox 585 436 909 479">
     <span class='ocr_line' id='line_1_1' title="bbox 585 436 909 479; baseline 0.003 -2"><span class='ocrx_word' id='word_1_1' title='bbox 585 436 716 479; x_wconf 82' lang='lat' dir='ltr'>HORATII</span> <span class='ocrx_word' id='word_1_2' title='bbox 738 437 909 479; x_wconf 85' lang='lat' dir='ltr'><strong>CARMINUM</strong></span> 
     </span>
    </p>
   </div>
   <div class='ocr_carea' id='block_1_2' title="bbox 595 827 899 1016">
    <p class='ocr_par' dir='ltr' id='par_1_2' title="bbox 595 827 899 1016">
     <span class='ocr_line' id='line_1_2' title="bbox 612 827 881 880; baseline -0.004 0"><span class='ocrx_word' id='word_1_3' title='bbox 612 827 800 880; x_wconf 87' lang='lat' dir='ltr'>CARMEN</span> <span class='ocrx_word' id='word_1_4' title='bbox 829 827 881 879; x_wconf 89' lang='lat' dir='ltr'>IX.</span> 
     </span>
     <span class='ocr_line' id='line_1_3' title="bbox 595 972 899 1016; baseline 0 -3"><span class='ocrx_word' id='word_1_5' title='bbox 595 973 638 1015; x_wconf 72' lang='lat' dir='ltr'>nn</span> <span class='ocrx_word' id='word_1_6' title='bbox 657 972 899 1016; x_wconf 75' lang='lat' dir='ltr'>Tunnrnncuuu.</span> 
     </span>
    </p>
   </div>
   <div class='ocr_carea' id='block_1_3' title="bbox 443 1095 970 1402">
    <p class='ocr_par' dir='ltr' id='par_1_3' title="bbox 443 1095 970 1402">
     <span class='ocr_line' id='line_1_4' title="bbox 443 1095 970 1164; baseline -0.004 -13"><span class='ocrx_word' id='word_1_7' title='bbox 443 1099 549 1164; x_wconf 80' lang='lat' dir='ltr'>VIDES,</span> <span class='ocrx_word' id='word_1_8' title='bbox 561 1105 592 1151; x_wconf 88' lang='lat' dir='ltr'>ut</span> <span class='ocrx_word' id='word_1_9' title='bbox 605 1098 662 1151; x_wconf 90' lang='lat' dir='ltr'>alta</span> <span class='ocrx_word' id='word_1_10' title='bbox 675 1105 729 1151; x_wconf 89' lang='lat' dir='ltr'>stet</span> <span class='ocrx_word' id='word_1_11' title='bbox 741 1096 805 1150; x_wconf 90' lang='lat' dir='ltr'>nive</span> <span class='ocrx_word' id='word_1_12' title='bbox 818 1095 970 1150; x_wconf 88' lang='lat' dir='ltr'>candidum</span> 
     </span>
     <span class='ocr_line' id='line_1_5' title="bbox 445 1179 956 1251; baseline -0.006 -15"><span class='ocrx_word' id='word_1_13' title='bbox 445 1183 568 1249; x_wconf 85' lang='lat' dir='ltr'>Soracte,</span> <span class='ocrx_word' id='word_1_14' title='bbox 580 1199 632 1235; x_wconf 91' lang='lat' dir='ltr'>nec</span> <span class='ocrx_word' id='word_1_15' title='bbox 642 1181 704 1251; x_wconf 88' lang='lat' dir='ltr'>jam</span> <span class='ocrx_word' id='word_1_16' title='bbox 716 1179 873 1234; x_wconf 86' lang='lat' dir='ltr'>sustineant</span> <span class='ocrx_word' id='word_1_17' title='bbox 885 1197 956 1233; x_wconf 88' lang='lat' dir='ltr'>onus</span> 
     </span>
     <span class='ocr_line' id='line_1_6' title="bbox 482 1263 890 1333; baseline -0.01 -13"><span class='ocrx_word' id='word_1_18' title='bbox 482 1264 575 1320; x_wconf 85' lang='lat' dir='ltr'>Silvae</span> <span class='ocrx_word' id='word_1_19' title='bbox 588 1264 758 1330; x_wconf 83' lang='lat' dir='ltr'>laborantes,</span> <span class='ocrx_word' id='word_1_20' title='bbox 772 1263 890 1333; x_wconf 89' lang='lat' dir='ltr'>geluque</span> 
     </span>
     <span class='ocr_line' id='line_1_7' title="bbox 516 1344 936 1402; baseline -0.005 -2"><span class='ocrx_word' id='word_1_21' title='bbox 516 1347 647 1402; x_wconf 88' lang='lat' dir='ltr'>Flumina</span> <span class='ocrx_word' id='word_1_22' title='bbox 659 1344 834 1400; x_wconf 83' lang='lat' dir='ltr'>constiterint</span> <span class='ocrx_word' id='word_1_23' title='bbox 847 1354 936 1399; x_wconf 89' lang='lat' dir='ltr'>acuto.</span> 
     </span>
    </p>
   </div>
   <div class='ocr_carea' id='block_1_4' title="bbox 446 1501 967 1820">
    <p class='ocr_par' dir='ltr' id='par_1_4' title="bbox 446 1501 967 1740">
     <span class='ocr_line' id='line_1_8' title="bbox 446 1501 944 1574; baseline -0.008 -15"><span class='ocrx_word' id='word_1_24' title='bbox 446 1504 578 1559; x_wconf 89' lang='lat' dir='ltr'>Dissolve</span> <span class='ocrx_word' id='word_1_25' title='bbox 590 1503 685 1574; x_wconf 87' lang='lat' dir='ltr'>frigus,</span> <span class='ocrx_word' id='word_1_26' title='bbox 697 1503 775 1573; x_wconf 90' lang='lat' dir='ltr'>ligna</span> <span class='ocrx_word' id='word_1_27' title='bbox 786 1519 869 1571; x_wconf 87' lang='lat' dir='ltr'>super</span> <span class='ocrx_word' id='word_1_28' title='bbox 881 1501 944 1556; x_wconf 86' lang='lat' dir='ltr'>foco</span> 
     </span>
     <span class='ocr_line' id='line_1_9' title="bbox 446 1585 967 1657; baseline -0.008 -15"><span class='ocrx_word' id='word_1_29' title='bbox 446 1591 535 1657; x_wconf 88' lang='lat' dir='ltr'>Large</span> <span class='ocrx_word' id='word_1_30' title='bbox 547 1603 685 1657; x_wconf 90' lang='lat' dir='ltr'>reponens</span> <span class='ocrx_word' id='word_1_31' title='bbox 697 1606 704 1652; x_wconf 92' lang='lat'>;</span> <span class='ocrx_word' id='word_1_32' title='bbox 723 1596 806 1656; x_wconf 90' lang='lat' dir='ltr'>atque</span> <span class='ocrx_word' id='word_1_33' title='bbox 818 1585 967 1653; x_wconf 88' lang='lat' dir='ltr'>benignius</span> 
     </span>
     <span class='ocr_line' id='line_1_10' title="bbox 481 1668 943 1740; baseline -0.004 -16"><span class='ocrx_word' id='word_1_34' title='bbox 481 1673 623 1740; x_wconf 88' lang='lat' dir='ltr'>Deprome</span> <span class='ocrx_word' id='word_1_35' title='bbox 636 1669 814 1740; x_wconf 91' lang='lat' dir='ltr'>quadrimum</span> <span class='ocrx_word' id='word_1_36' title='bbox 828 1668 943 1734; x_wconf 89' lang='lat' dir='ltr'>Sabina,</span> 
     </span>
    </p>

    <p class='ocr_par' dir='ltr' id='par_1_5' title="bbox 517 1751 950 1820">
     <span class='ocr_line' id='line_1_11' title="bbox 517 1751 950 1820; baseline -0.005 -13"><span class='ocrx_word' id='word_1_37' title='bbox 517 1754 541 1807; x_wconf 95' lang='lat'>0</span> <span class='ocrx_word' id='word_1_38' title='bbox 555 1752 732 1820; x_wconf 86' lang='lat' dir='ltr'>Thaliarche,</span> <span class='ocrx_word' id='word_1_39' title='bbox 744 1769 853 1806; x_wconf 89' lang='lat' dir='ltr'>merum</span> <span class='ocrx_word' id='word_1_40' title='bbox 866 1751 950 1806; x_wconf 88' lang='lat' dir='ltr'>diota.</span> 
     </span>
    </p>
   </div>
   <div class='ocr_carea' id='block_1_5' title="bbox 447 1909 951 2228">
    <p class='ocr_par' dir='ltr' id='par_1_6' title="bbox 447 1909 951 2146">
     <span class='ocr_line' id='line_1_12' title="bbox 447 1909 951 1980; baseline -0.008 -14"><span class='ocrx_word' id='word_1_41' title='bbox 447 1909 580 1966; x_wconf 86' lang='lat' dir='ltr'>Permitte</span> <span class='ocrx_word' id='word_1_42' title='bbox 592 1909 664 1964; x_wconf 89' lang='lat' dir='ltr'>divis</span> <span class='ocrx_word' id='word_1_43' title='bbox 677 1920 770 1964; x_wconf 89' lang='lat' dir='ltr'>cetera</span> <span class='ocrx_word' id='word_1_44' title='bbox 781 1929 788 1975; x_wconf 93' lang='lat'>;</span> <span class='ocrx_word' id='word_1_45' title='bbox 807 1909 854 1980; x_wconf 92' lang='lat' dir='ltr'>qui</span> <span class='ocrx_word' id='word_1_46' title='bbox 868 1909 951 1963; x_wconf 90' lang='lat' dir='ltr'>simul</span> 
     </span>
     <span class='ocr_line' id='line_1_13' title="bbox 447 1992 939 2063; baseline -0.01 -13"><span class='ocrx_word' id='word_1_47' title='bbox 447 1997 576 2050; x_wconf 92' lang='lat' dir='ltr'>Stravere</span> <span class='ocrx_word' id='word_1_48' title='bbox 587 2001 687 2047; x_wconf 88' lang='lat' dir='ltr'>ventos</span> <span class='ocrx_word' id='word_1_49' title='bbox 700 2009 820 2063; x_wconf 88' lang='lat' dir='ltr'>aequore</span> <span class='ocrx_word' id='word_1_50' title='bbox 832 1992 939 2045; x_wconf 83' lang='lat' dir='ltr'>fervido</span> 
     </span>
     <span class='ocr_line' id='line_1_14' title="bbox 482 2075 915 2146; baseline -0.009 -14"><span class='ocrx_word' id='word_1_51' title='bbox 482 2076 704 2146; x_wconf 89' lang='lat' dir='ltr'>Deproeliantes,</span> <span class='ocrx_word' id='word_1_52' title='bbox 717 2091 769 2129; x_wconf 90' lang='lat' dir='ltr'>nec</span> <span class='ocrx_word' id='word_1_53' title='bbox 782 2075 915 2144; x_wconf 89' lang='lat' dir='ltr'>cupressi,</span> 
     </span>
    </p>

    <p class='ocr_par' dir='ltr' id='par_1_7' title="bbox 517 2158 931 2228">
     <span class='ocr_line' id='line_1_15' title="bbox 517 2158 931 2228; baseline -0.002 -16"><span class='ocrx_word' id='word_1_54' title='bbox 517 2161 579 2214; x_wconf 89' lang='lat' dir='ltr'>Nec</span> <span class='ocrx_word' id='word_1_55' title='bbox 590 2167 697 2213; x_wconf 91' lang='lat' dir='ltr'>veteres</span> <span class='ocrx_word' id='word_1_56' title='bbox 711 2158 851 2228; x_wconf 86' lang='lat' dir='ltr'>agitantur</span> <span class='ocrx_word' id='word_1_57' title='bbox 863 2158 931 2212; x_wconf 88' lang='lat' dir='ltr'>orni.</span> 
     </span>
    </p>
   </div>
   <div class='ocr_carea' id='block_1_6' title="bbox 447 2316 1059 2637">
    <p class='ocr_par' dir='ltr' id='par_1_8' title="bbox 447 2316 1059 2637">
     <span class='ocr_line' id='line_1_16' title="bbox 448 2316 1059 2388; baseline -0.003 -16"><span class='ocrx_word' id='word_1_58' title='bbox 448 2317 524 2388; x_wconf 87' lang='lat' dir='ltr'>Quid</span> <span class='ocrx_word' id='word_1_59' title='bbox 536 2316 572 2371; x_wconf 89' lang='lat' dir='ltr'>sit</span> <span class='ocrx_word' id='word_1_60' title='bbox 584 2316 708 2370; x_wconf 82' lang='lat' dir='ltr'>futurum</span> <span class='ocrx_word' id='word_1_61' title='bbox 720 2333 791 2384; x_wconf 88' lang='lat' dir='ltr'>cras,</span> <span class='ocrx_word' id='word_1_62' title='bbox 803 2316 867 2386; x_wconf 86' lang='lat' dir='ltr'>fuge</span> <span class='ocrx_word' id='word_1_63' title='bbox 880 2332 1020 2387; x_wconf 87' lang='lat' dir='ltr'>quaerere,</span> <span class='ocrx_word' id='word_1_64' title='bbox 1032 2326 1059 2370; x_wconf 93' lang='lat' dir='ltr'>et</span> 
     </span>
     <span class='ocr_line' id='line_1_17' title="bbox 447 2400 1056 2471; baseline -0.003 -15"><span class='ocrx_word' id='word_1_65' title='bbox 447 2404 539 2471; x_wconf 81' lang='lat' dir='ltr'>Quem</span> <span class='ocrx_word' id='word_1_66' title='bbox 553 2402 623 2454; x_wconf 89' lang='lat' dir='ltr'>Fors</span> <span class='ocrx_word' id='word_1_67' title='bbox 636 2400 744 2454; x_wconf 89' lang='lat' dir='ltr'>dierum</span> <span class='ocrx_word' id='word_1_68' title='bbox 756 2416 867 2470; x_wconf 88' lang='lat' dir='ltr'>cunque</span> <span class='ocrx_word' id='word_1_69' title='bbox 879 2400 966 2467; x_wconf 89' lang='lat' dir='ltr'>dabit,</span> <span class='ocrx_word' id='word_1_70' title='bbox 979 2400 1056 2454; x_wconf 93' lang='lat' dir='ltr'>lucro</span> 
     </span>
     <span class='ocr_line' id='line_1_18' title="bbox 481 2483 920 2554; baseline -0.002 -16"><span class='ocrx_word' id='word_1_71' title='bbox 481 2486 619 2554; x_wconf 90' lang='lat' dir='ltr'>Appone;</span> <span class='ocrx_word' id='word_1_72' title='bbox 637 2500 689 2537; x_wconf 93' lang='lat' dir='ltr'>nec</span> <span class='ocrx_word' id='word_1_73' title='bbox 702 2483 798 2538; x_wconf 90' lang='lat' dir='ltr'>dulces</span> <span class='ocrx_word' id='word_1_74' title='bbox 811 2500 920 2538; x_wconf 88' lang='lat' dir='ltr'>amores</span> 
     </span>
     <span class='ocr_line' id='line_1_19' title="bbox 517 2567 995 2637; baseline -0.004 -15"><span class='ocrx_word' id='word_1_75' title='bbox 517 2569 623 2637; x_wconf 90' lang='lat' dir='ltr'>Sperne</span> <span class='ocrx_word' id='word_1_76' title='bbox 636 2583 712 2636; x_wconf 89' lang='lat' dir='ltr'>puer,</span> <span class='ocrx_word' id='word_1_77' title='bbox 725 2583 816 2637; x_wconf 88' lang='lat' dir='ltr'>neque</span> <span class='ocrx_word' id='word_1_78' title='bbox 828 2577 858 2621; x_wconf 92' lang='lat' dir='ltr'>tu</span> <span class='ocrx_word' id='word_1_79' title='bbox 871 2567 995 2634; x_wconf 76' lang='lat' dir='ltr'>choreaS,</span> 
     </span>
    </p>
   </div>
   <div class='ocr_carea' id='block_1_7' title="bbox 447 2723 1025 3041">
    <p class='ocr_par' dir='ltr' id='par_1_9' title="bbox 447 2723 1025 3041">
     <span class='ocr_line' id='line_1_20' title="bbox 448 2723 883 2780; baseline -0.005 0"><span class='ocrx_word' id='word_1_80' title='bbox 448 2728 547 2780; x_wconf 92' lang='lat' dir='ltr'>Donec</span> <span class='ocrx_word' id='word_1_81' title='bbox 559 2723 660 2778; x_wconf 89' lang='lat' dir='ltr'>virenti</span> <span class='ocrx_word' id='word_1_82' title='bbox 672 2723 790 2777; x_wconf 90' lang='lat' dir='ltr'>canities</span> <span class='ocrx_word' id='word_1_83' title='bbox 803 2724 883 2778; x_wconf 88' lang='lat' dir='ltr'>abest</span> 
     </span>
     <span class='ocr_line' id='line_1_21' title="bbox 447 2806 1025 2874; baseline -0.002 -13"><span class='ocrx_word' id='word_1_84' title='bbox 447 2809 570 2862; x_wconf 84' lang='lat' dir='ltr'>Morosa</span> <span class='ocrx_word' id='word_1_85' title='bbox 608 2807 692 2859; x_wconf 92' lang='lat' dir='ltr'>Nunc</span> <span class='ocrx_word' id='word_1_86' title='bbox 706 2813 734 2858; x_wconf 91' lang='lat' dir='ltr'>et</span> <span class='ocrx_word' id='word_1_87' title='bbox 748 2806 880 2874; x_wconf 89' lang='lat' dir='ltr'>Campus,</span> <span class='ocrx_word' id='word_1_88' title='bbox 895 2813 922 2857; x_wconf 94' lang='lat' dir='ltr'>et</span> <span class='ocrx_word' id='word_1_89' title='bbox 935 2822 1025 2873; x_wconf 88' lang='lat' dir='ltr'>areae,</span> 
     </span>
     <span class='ocr_line' id='line_1_22' title="bbox 482 2888 934 2959; baseline -0.004 -16"><span class='ocrx_word' id='word_1_90' title='bbox 482 2892 627 2959; x_wconf 90' lang='lat' dir='ltr'>Lenesque</span> <span class='ocrx_word' id='word_1_91' title='bbox 640 2888 692 2942; x_wconf 91' lang='lat' dir='ltr'>sub</span> <span class='ocrx_word' id='word_1_92' title='bbox 705 2895 817 2942; x_wconf 88' lang='lat' dir='ltr'>noctem</span> <span class='ocrx_word' id='word_1_93' title='bbox 830 2888 934 2941; x_wconf 90' lang='lat' dir='ltr'>susurri</span> 
     </span>
     <span class='ocr_line' id='line_1_23' title="bbox 519 2970 952 3041; baseline -0.002 -15"><span class='ocrx_word' id='word_1_94' title='bbox 519 2971 683 3041; x_wconf 89' lang='lat' dir='ltr'>Composita</span> <span class='ocrx_word' id='word_1_95' title='bbox 695 2978 855 3039; x_wconf 89' lang='lat' dir='ltr'>repetantur</span> <span class='ocrx_word' id='word_1_96' title='bbox 866 2970 952 3025; x_wconf 90' lang='lat' dir='ltr'>hora:</span> 
     </span>
    </p>
   </div>
   <div class='ocr_carea' id='block_1_8' title="bbox 448 3127 944 3447">
    <p class='ocr_par' dir='ltr' id='par_1_10' title="bbox 448 3127 944 3447">
     <span class='ocr_line' id='line_1_24' title="bbox 449 3127 944 3198; baseline 0 -15"><span class='ocrx_word' id='word_1_97' title='bbox 449 3131 476 3183; x_wconf 96' lang='lat' dir='ltr'>N</span> <span class='ocrx_word' id='word_1_98' title='bbox 479 3146 533 3184; x_wconf 93' lang='lat' dir='ltr'>unc</span> <span class='ocrx_word' id='word_1_99' title='bbox 543 3139 570 3183; x_wconf 93' lang='lat' dir='ltr'>et</span> <span class='ocrx_word' id='word_1_100' title='bbox 582 3129 695 3184; x_wconf 88' lang='lat' dir='ltr'>latentis</span> <span class='ocrx_word' id='word_1_101' title='bbox 707 3128 833 3198; x_wconf 92' lang='lat' dir='ltr'>proditor</span> <span class='ocrx_word' id='word_1_102' title='bbox 845 3127 944 3183; x_wconf 90' lang='lat' dir='ltr'>intimo</span> 
     </span>
     <span class='ocr_line' id='line_1_25' title="bbox 448 3211 930 3281; baseline 0 -15"><span class='ocrx_word' id='word_1_103' title='bbox 448 3213 552 3266; x_wconf 89' lang='lat' dir='ltr'>Gratus</span> <span class='ocrx_word' id='word_1_104' title='bbox 564 3213 672 3281; x_wconf 90' lang='lat' dir='ltr'>puellae</span> <span class='ocrx_word' id='word_1_105' title='bbox 684 3211 756 3266; x_wconf 92' lang='lat' dir='ltr'>risus</span> <span class='ocrx_word' id='word_1_106' title='bbox 769 3212 806 3266; x_wconf 87' lang='lat' dir='ltr'>ab</span> <span class='ocrx_word' id='word_1_107' title='bbox 819 3213 930 3281; x_wconf 86' lang='lat' dir='ltr'>angulo,</span> 
     </span>
     <span class='ocr_line' id='line_1_26' title="bbox 484 3295 925 3364; baseline 0.002 -16"><span class='ocrx_word' id='word_1_108' title='bbox 484 3295 644 3364; x_wconf 86' lang='lat' dir='ltr'>Pignusque</span> <span class='ocrx_word' id='word_1_109' title='bbox 656 3295 802 3364; x_wconf 89' lang='lat' dir='ltr'>dereptum</span> <span class='ocrx_word' id='word_1_110' title='bbox 814 3296 925 3349; x_wconf 91' lang='lat' dir='ltr'>lacertis</span> 
     </span>
     <span class='ocr_line' id='line_1_27' title="bbox 519 3377 918 3447; baseline -0.008 -15"><span class='ocrx_word' id='word_1_111' title='bbox 519 3379 575 3432; x_wconf 92' lang='lat' dir='ltr'>Aut</span> <span class='ocrx_word' id='word_1_112' title='bbox 587 3377 676 3447; x_wconf 88' lang='lat' dir='ltr'>digito</span> <span class='ocrx_word' id='word_1_113' title='bbox 688 3378 762 3431; x_wconf 83' lang='lat' dir='ltr'>male</span> <span class='ocrx_word' id='word_1_114' title='bbox 774 3377 918 3447; x_wconf 88' lang='lat' dir='ltr'>pertinaci.</span> 
     </span>
    </p>
   </div>
   <div class='ocr_carea' id='block_1_9' title="bbox 0 0 1398 4162">
    <p class='ocr_par' dir='ltr' id='par_1_11' title="bbox 0 0 1398 4162">
     <span class='ocr_line' id='line_1_28' title="bbox 0 0 1398 4162; baseline 0 0"><span class='ocrx_word' id='word_1_115' title='bbox 0 0 1398 4162; x_wconf 95' lang='lat' dir='ltr'> </span> 
     </span>
    </p>
   </div>
  </div>
 </body>
</html>
