<?xml version="1.0" encoding="UTF-8"?>
<!DOCTYPE html PUBLIC "-//W3C//DTD XHTML 1.0 Transitional//EN"
    "http://www.w3.org/TR/xhtml1/DTD/xhtml1-transitional.dtd">
<html xmlns="http://www.w3.org/1999/xhtml" xml:lang="en" lang="en">
 <head>
  <title>
</title>
<meta http-equiv="Content-Type" content="text/html;charset=utf-8" />
  <meta name='ocr-system' content='tesseract 3.04.00' />
  <meta name='ocr-capabilities' content='ocr_page ocr_carea ocr_par ocr_line ocrx_word'/>
</head>
<body>
  <div class='ocr_page' id='page_1' title='image "./quintihoratiifl00milmgoog_0203.png"; bbox 0 0 2804 4176; ppageno 0'>
   <div class='ocr_carea' id='block_1_1' title="bbox 355 447 947 506">
    <p class='ocr_par' dir='ltr' id='par_1_1' title="bbox 355 447 947 506">
     <span class='ocr_line' id='line_1_1' title="bbox 355 447 947 506; baseline -0.002 -2"><span class='ocrx_word' id='word_1_1' title='bbox 355 447 414 504; x_wconf 89' lang='lat'>180</span> <span class='ocrx_word' id='word_1_2' title='bbox 612 461 744 506; x_wconf 71' lang='lat' dir='ltr'>noman</span> <span class='ocrx_word' id='word_1_3' title='bbox 766 461 947 505; x_wconf 77' lang='lat' dir='ltr'>snrmnnurr</span> 
     </span>
    </p>
   </div>
   <div class='ocr_carea' id='block_1_2' title="bbox 341 589 1201 3164">
    <p class='ocr_par' dir='ltr' id='par_1_2' title="bbox 350 589 1117 743">
     <span class='ocr_line' id='line_1_2' title="bbox 350 589 1117 662; baseline 0 -18"><span class='ocrx_word' id='word_1_4' title='bbox 350 589 413 644; x_wconf 86' lang='lat' dir='ltr'>Vixi</span> <span class='ocrx_word' id='word_1_5' title='bbox 426 607 492 645; x_wconf 89' lang='lat' dir='ltr'>cum</span> <span class='ocrx_word' id='word_1_6' title='bbox 504 590 625 662; x_wconf 85' lang='lat' dir='ltr'>quibus?</span> <span class='ocrx_word' id='word_1_7' title='bbox 660 591 816 645; x_wconf 83' lang='lat' dir='ltr'>Absentem</span> <span class='ocrx_word' id='word_1_8' title='bbox 829 590 877 661; x_wconf 93' lang='lat' dir='ltr'>qui</span> <span class='ocrx_word' id='word_1_9' title='bbox 889 589 963 645; x_wconf 92' lang='lat' dir='ltr'>rodit</span> <span class='ocrx_word' id='word_1_10' title='bbox 975 589 1098 644; x_wconf 88' lang='lat' dir='ltr'>amicum</span> <span class='ocrx_word' id='word_1_11' title='bbox 1110 608 1117 653; x_wconf 92' lang='grc'><strong>;</strong></span> 
     </span>
     <span class='ocr_line' id='line_1_3' title="bbox 351 672 977 743; baseline -0.002 -16"><span class='ocrx_word' id='word_1_12' title='bbox 351 673 406 742; x_wconf 85' lang='lat' dir='ltr'>Qui</span> <span class='ocrx_word' id='word_1_13' title='bbox 418 689 475 727; x_wconf 90' lang='lat' dir='ltr'>non</span> <span class='ocrx_word' id='word_1_14' title='bbox 488 672 620 741; x_wconf 83' lang='lat' dir='ltr'>defendit,</span> <span class='ocrx_word' id='word_1_15' title='bbox 633 673 689 727; x_wconf 90' lang='lat' dir='ltr'>alio</span> <span class='ocrx_word' id='word_1_16' title='bbox 701 674 831 743; x_wconf 86' lang='lat' dir='ltr'>culpante</span> <span class='ocrx_word' id='word_1_17' title='bbox 845 693 852 738; x_wconf 89' lang='lat'>;</span> <span class='ocrx_word' id='word_1_18' title='bbox 872 673 977 727; x_wconf 89' lang='lat' dir='ltr'>solutos</span> 
     </span>
    </p>

    <p class='ocr_par' dir='ltr' id='par_1_3' title="bbox 349 755 1159 1075">
     <span class='ocr_line' id='line_1_4' title="bbox 351 755 1073 827; baseline -0.001 -17"><span class='ocrx_word' id='word_1_19' title='bbox 351 755 407 825; x_wconf 85' lang='lat' dir='ltr'>Qui</span> <span class='ocrx_word' id='word_1_20' title='bbox 419 764 514 826; x_wconf 88' lang='lat' dir='ltr'>captat</span> <span class='ocrx_word' id='word_1_21' title='bbox 526 756 598 810; x_wconf 90' lang='lat' dir='ltr'>risus</span> <span class='ocrx_word' id='word_1_22' title='bbox 610 756 765 824; x_wconf 91' lang='lat' dir='ltr'>hominum,</span> <span class='ocrx_word' id='word_1_23' title='bbox 778 756 938 827; x_wconf 84' lang='lat' dir='ltr'>famamque</span> <span class='ocrx_word' id='word_1_24' title='bbox 950 755 1055 810; x_wconf 87' lang='lat' dir='ltr'>dicacis</span> <span class='ocrx_word' id='word_1_25' title='bbox 1066 774 1073 820; x_wconf 93' lang='lat'>;</span> 
     </span>
     <span class='ocr_line' id='line_1_5' title="bbox 350 838 1072 912; baseline 0 -20"><span class='ocrx_word' id='word_1_26' title='bbox 350 839 469 912; x_wconf 81' lang='lat' dir='ltr'>Fingere</span> <span class='ocrx_word' id='word_1_27' title='bbox 482 839 529 910; x_wconf 94' lang='lat' dir='ltr'>qui</span> <span class='ocrx_word' id='word_1_28' title='bbox 542 856 599 893; x_wconf 91' lang='lat' dir='ltr'>non</span> <span class='ocrx_word' id='word_1_29' title='bbox 610 839 672 893; x_wconf 88' lang='lat' dir='ltr'>visa</span> <span class='ocrx_word' id='word_1_30' title='bbox 683 848 776 909; x_wconf 88' lang='lat' dir='ltr'>potest</span> <span class='ocrx_word' id='word_1_31' title='bbox 788 858 795 904; x_wconf 95' lang='lat'>;</span> <span class='ocrx_word' id='word_1_32' title='bbox 814 838 967 893; x_wconf 91' lang='lat' dir='ltr'>commissa</span> <span class='ocrx_word' id='word_1_33' title='bbox 979 847 1072 893; x_wconf 90' lang='lat' dir='ltr'>tacere</span> 
     </span>
     <span class='ocr_line' id='line_1_6' title="bbox 350 920 1159 993; baseline -0.002 -17"><span class='ocrx_word' id='word_1_34' title='bbox 350 922 405 991; x_wconf 85' lang='lat' dir='ltr'>Qui</span> <span class='ocrx_word' id='word_1_35' title='bbox 418 922 513 993; x_wconf 93' lang='lat' dir='ltr'>nequit</span> <span class='ocrx_word' id='word_1_36' title='bbox 524 941 531 987; x_wconf 93' lang='lat'>;</span> <span class='ocrx_word' id='word_1_37' title='bbox 550 922 595 976; x_wconf 93' lang='lat' dir='ltr'>hic</span> <span class='ocrx_word' id='word_1_38' title='bbox 608 922 688 992; x_wconf 84' lang='lat' dir='ltr'>niger</span> <span class='ocrx_word' id='word_1_39' title='bbox 699 930 750 989; x_wconf 92' lang='lat' dir='ltr'>est,</span> <span class='ocrx_word' id='word_1_40' title='bbox 763 920 838 976; x_wconf 90' lang='lat' dir='ltr'>hunc</span> <span class='ocrx_word' id='word_1_41' title='bbox 851 932 890 989; x_wconf 91' lang='lat' dir='ltr'>tu,</span> <span class='ocrx_word' id='word_1_42' title='bbox 903 923 1040 988; x_wconf 86' lang='lat' dir='ltr'>Romane,</span> <span class='ocrx_word' id='word_1_43' title='bbox 1054 930 1159 976; x_wconf 88' lang='lat' dir='ltr'>caveto.</span> 
     </span>
     <span class='ocr_line' id='line_1_7' title="bbox 349 1004 1055 1075; baseline -0.001 -16"><span class='ocrx_word' id='word_1_44' title='bbox 349 1005 440 1074; x_wconf 82' lang='lat' dir='ltr'>Saepe</span> <span class='ocrx_word' id='word_1_45' title='bbox 452 1005 541 1059; x_wconf 90' lang='lat' dir='ltr'>tribus</span> <span class='ocrx_word' id='word_1_46' title='bbox 554 1004 742 1059; x_wconf 82' lang='lat' dir='ltr'>lectisvideas</span> <span class='ocrx_word' id='word_1_47' title='bbox 754 1020 873 1059; x_wconf 90' lang='lat' dir='ltr'>coenare</span> <span class='ocrx_word' id='word_1_48' title='bbox 886 1013 1036 1075; x_wconf 89' lang='lat' dir='ltr'>quaternos</span> <span class='ocrx_word' id='word_1_49' title='bbox 1048 1024 1055 1070; x_wconf 73' lang='grc' dir='ltr'><strong><em>ς</em></strong></span> 
     </span>
    </p>

    <p class='ocr_par' dir='ltr' id='par_1_4' title="bbox 348 1079 1201 1323">
     <span class='ocr_line' id='line_1_8' title="bbox 348 1079 1087 1170; baseline 0 -30"><span class='ocrx_word' id='word_1_50' title='bbox 348 1079 373 1140; x_wconf 84' lang='grc' dir='ltr'>Ε</span> <span class='ocrx_word' id='word_1_51' title='bbox 386 1087 487 1158; x_wconf 89' lang='lat' dir='ltr'>quibus</span> <span class='ocrx_word' id='word_1_52' title='bbox 499 1104 571 1142; x_wconf 93' lang='lat' dir='ltr'>unus</span> <span class='ocrx_word' id='word_1_53' title='bbox 584 1096 659 1142; x_wconf 89' lang='lat' dir='ltr'>amet</span> <span class='ocrx_word' id='word_1_54' title='bbox 670 1087 770 1158; x_wconf 88' lang='lat' dir='ltr'>quavis</span> <span class='ocrx_word' id='word_1_55' title='bbox 783 1087 950 1170; x_wconf 74' lang='lat' dir='ltr'>adspergere</span> <span class='ocrx_word' id='word_1_56' title='bbox 962 1097 1087 1153; x_wconf 89' lang='lat' dir='ltr'>cunctos,</span> 
     </span>
     <span class='ocr_line' id='line_1_9' title="bbox 348 1171 1201 1242; baseline 0 -18"><span class='ocrx_word' id='word_1_57' title='bbox 348 1172 462 1225; x_wconf 90' lang='lat' dir='ltr'>Praeter</span> <span class='ocrx_word' id='word_1_58' title='bbox 467 1188 531 1226; x_wconf 94' lang='lat' dir='ltr'>eum</span> <span class='ocrx_word' id='word_1_59' title='bbox 536 1171 583 1241; x_wconf 91' lang='lat' dir='ltr'>qui</span> <span class='ocrx_word' id='word_1_60' title='bbox 588 1171 704 1240; x_wconf 90' lang='lat' dir='ltr'>praebet</span> <span class='ocrx_word' id='word_1_61' title='bbox 709 1187 825 1242; x_wconf 90' lang='lat' dir='ltr'>aquam:</span> <span class='ocrx_word' id='word_1_62' title='bbox 837 1180 909 1240; x_wconf 91' lang='lat' dir='ltr'>post,</span> <span class='ocrx_word' id='word_1_63' title='bbox 914 1171 988 1225; x_wconf 91' lang='lat' dir='ltr'>hunc</span> <span class='ocrx_word' id='word_1_64' title='bbox 994 1187 1104 1241; x_wconf 91' lang='lat' dir='ltr'>quoque</span> <span class='ocrx_word' id='word_1_65' title='bbox 1109 1179 1201 1240; x_wconf 89' lang='lat' dir='ltr'>potus,</span> 
     </span>
     <span class='ocr_line' id='line_1_10' title="bbox 348 1252 1022 1323; baseline 0 -17"><span class='ocrx_word' id='word_1_66' title='bbox 348 1252 469 1307; x_wconf 87' lang='lat' dir='ltr'>Condita</span> <span class='ocrx_word' id='word_1_67' title='bbox 481 1270 546 1307; x_wconf 92' lang='lat' dir='ltr'>cum</span> <span class='ocrx_word' id='word_1_68' title='bbox 558 1270 642 1307; x_wconf 84' lang='lat' dir='ltr'>verax</span> <span class='ocrx_word' id='word_1_69' title='bbox 654 1252 743 1323; x_wconf 90' lang='lat' dir='ltr'>aperit</span> <span class='ocrx_word' id='word_1_70' title='bbox 755 1252 919 1322; x_wconf 89' lang='lat' dir='ltr'>praecordia</span> <span class='ocrx_word' id='word_1_71' title='bbox 933 1253 1022 1307; x_wconf 91' lang='lat' dir='ltr'>Liber.</span> 
     </span>
    </p>

    <p class='ocr_par' dir='ltr' id='par_1_5' title="bbox 348 1334 1027 1490">
     <span class='ocr_line' id='line_1_11' title="bbox 349 1334 1027 1407; baseline 0 -17"><span class='ocrx_word' id='word_1_72' title='bbox 349 1336 404 1390; x_wconf 91' lang='lat' dir='ltr'>Hic</span> <span class='ocrx_word' id='word_1_73' title='bbox 417 1336 468 1390; x_wconf 82' lang='lat' dir='ltr'>tibi</span> <span class='ocrx_word' id='word_1_74' title='bbox 480 1337 578 1405; x_wconf 89' lang='lat' dir='ltr'>comis,</span> <span class='ocrx_word' id='word_1_75' title='bbox 590 1345 618 1390; x_wconf 92' lang='lat' dir='ltr'>et</span> <span class='ocrx_word' id='word_1_76' title='bbox 630 1337 762 1403; x_wconf 90' lang='lat' dir='ltr'>urbanus,</span> <span class='ocrx_word' id='word_1_77' title='bbox 774 1336 899 1407; x_wconf 88' lang='lat' dir='ltr'>liberque</span> <span class='ocrx_word' id='word_1_78' title='bbox 910 1334 1027 1403; x_wconf 90' lang='lat' dir='ltr'>videtur,</span> 
     </span>
     <span class='ocr_line' id='line_1_12' title="bbox 348 1419 981 1490; baseline -0.003 -16"><span class='ocrx_word' id='word_1_79' title='bbox 348 1419 453 1474; x_wconf 85' lang='lat' dir='ltr'>Infesto</span> <span class='ocrx_word' id='word_1_80' title='bbox 465 1420 572 1490; x_wconf 86' lang='lat' dir='ltr'>nigris.</span> <span class='ocrx_word' id='word_1_81' title='bbox 599 1422 662 1489; x_wconf 91' lang='lat' dir='ltr'>Ego</span> <span class='ocrx_word' id='word_1_82' title='bbox 674 1419 699 1475; x_wconf 85' lang='lat' dir='ltr'>si</span> <span class='ocrx_word' id='word_1_83' title='bbox 711 1419 768 1487; x_wconf 90' lang='lat' dir='ltr'>risi,</span> <span class='ocrx_word' id='word_1_84' title='bbox 781 1419 857 1490; x_wconf 87' lang='lat' dir='ltr'>quod</span> <span class='ocrx_word' id='word_1_85' title='bbox 869 1419 981 1488; x_wconf 88' lang='lat' dir='ltr'>ineptus</span> 
     </span>
    </p>

    <p class='ocr_par' dir='ltr' id='par_1_6' title="bbox 347 1502 988 1572">
     <span class='ocr_line' id='line_1_13' title="bbox 347 1502 988 1572; baseline -0.002 -15"><span class='ocrx_word' id='word_1_86' title='bbox 347 1504 477 1558; x_wconf 80' lang='lat' dir='ltr'>Pastillos</span> <span class='ocrx_word' id='word_1_87' title='bbox 491 1503 609 1558; x_wconf 90' lang='lat' dir='ltr'>Rufillus</span> <span class='ocrx_word' id='word_1_88' title='bbox 622 1504 685 1570; x_wconf 94' lang='lat' dir='ltr'>olet,</span> <span class='ocrx_word' id='word_1_89' title='bbox 700 1502 858 1572; x_wconf 90' lang='lat' dir='ltr'>Gargonius</span> <span class='ocrx_word' id='word_1_90' title='bbox 870 1502 988 1569; x_wconf 90' lang='lat' dir='ltr'>hircum,</span> 
     </span>
    </p>

    <p class='ocr_par' dir='ltr' id='par_1_7' title="bbox 347 1584 1072 1665">
     <span class='ocr_line' id='line_1_14' title="bbox 347 1584 1072 1665; baseline -0.001 -26"><span class='ocrx_word' id='word_1_91' title='bbox 347 1585 461 1665; x_wconf 81' lang='lat' dir='ltr'>Lividus</span> <span class='ocrx_word' id='word_1_92' title='bbox 474 1595 502 1640; x_wconf 95' lang='lat' dir='ltr'>et</span> <span class='ocrx_word' id='word_1_93' title='bbox 514 1584 631 1640; x_wconf 85' lang='lat' dir='ltr'>mordax</span> <span class='ocrx_word' id='word_1_94' title='bbox 642 1585 739 1639; x_wconf 86' lang='lat' dir='ltr'>videor</span> <span class='ocrx_word' id='word_1_95' title='bbox 750 1585 820 1639; x_wconf 84' lang='lat' dir='ltr'>tibi?</span> <span class='ocrx_word' id='word_1_96' title='bbox 857 1584 1001 1639; x_wconf 91' lang='lat' dir='ltr'>Mentio</span> <span class='ocrx_word' id='word_1_97' title='bbox 979 1602 1003 1642; x_wconf 83' lang='lat' dir='ltr'>sr</span> <span class='ocrx_word' id='word_1_98' title='bbox 1015 1602 1072 1656; x_wconf 88' lang='lat' dir='ltr'>qua</span> 
     </span>
    </p>

    <p class='ocr_par' dir='ltr' id='par_1_8' title="bbox 347 1667 869 1738">
     <span class='ocr_line' id='line_1_15' title="bbox 347 1667 869 1738; baseline -0.002 -16"><span class='ocrx_word' id='word_1_99' title='bbox 347 1671 391 1723; x_wconf 94' lang='lat' dir='ltr'>De</span> <span class='ocrx_word' id='word_1_100' title='bbox 405 1668 556 1738; x_wconf 89' lang='lat' dir='ltr'>Capitolini</span> <span class='ocrx_word' id='word_1_101' title='bbox 568 1667 669 1722; x_wconf 83' lang='lat' dir='ltr'>furtis</span> <span class='ocrx_word' id='word_1_102' title='bbox 661 1668 765 1737; x_wconf 88' lang='lat' dir='ltr'>mjecta</span> <span class='ocrx_word' id='word_1_103' title='bbox 778 1667 869 1733; x_wconf 94' lang='lat' dir='ltr'>Petilli</span> 
     </span>
    </p>

    <p class='ocr_par' dir='ltr' id='par_1_9' title="bbox 345 1749 1019 1818">
     <span class='ocr_line' id='line_1_16' title="bbox 345 1749 1019 1818; baseline 0 -14"><span class='ocrx_word' id='word_1_104' title='bbox 345 1752 387 1804; x_wconf 93' lang='lat' dir='ltr'>Te</span> <span class='ocrx_word' id='word_1_105' title='bbox 400 1767 495 1805; x_wconf 88' lang='lat' dir='ltr'>coram</span> <span class='ocrx_word' id='word_1_106' title='bbox 508 1750 589 1805; x_wconf 90' lang='lat' dir='ltr'>suerit</span> <span class='ocrx_word' id='word_1_107' title='bbox 590 1749 754 1818; x_wconf 83' lang='lat' dir='ltr'>,defendas,</span> <span class='ocrx_word' id='word_1_108' title='bbox 766 1759 797 1805; x_wconf 93' lang='lat' dir='ltr'>ut</span> <span class='ocrx_word' id='word_1_109' title='bbox 809 1759 873 1805; x_wconf 92' lang='lat' dir='ltr'>tuus</span> <span class='ocrx_word' id='word_1_110' title='bbox 884 1758 928 1805; x_wconf 89' lang='lat' dir='ltr'>est</span> <span class='ocrx_word' id='word_1_111' title='bbox 940 1766 1019 1804; x_wconf 86' lang='lat' dir='ltr'>mos:</span> 
     </span>
    </p>

    <p class='ocr_par' dir='ltr' id='par_1_10' title="bbox 347 1832 992 1902">
     <span class='ocr_line' id='line_1_17' title="bbox 347 1832 992 1902; baseline -0.002 -15"><span class='ocrx_word' id='word_1_112' title='bbox 347 1835 395 1887; x_wconf 91' lang='lat' dir='ltr'>Me</span> <span class='ocrx_word' id='word_1_113' title='bbox 409 1832 583 1902; x_wconf 90' lang='lat' dir='ltr'>Capitolinus</span> <span class='ocrx_word' id='word_1_114' title='bbox 596 1832 754 1887; x_wconf 87' lang='lat' dir='ltr'>convictore</span> <span class='ocrx_word' id='word_1_115' title='bbox 767 1849 834 1887; x_wconf 92' lang='lat' dir='ltr'>usus</span> <span class='ocrx_word' id='word_1_116' title='bbox 846 1832 992 1902; x_wconf 90' lang='lat' dir='ltr'>amicoque</span> 
     </span>
    </p>

    <p class='ocr_par' dir='ltr' id='par_1_11' title="bbox 344 1916 1037 2071">
     <span class='ocr_line' id='line_1_18' title="bbox 344 1916 1037 2004; baseline -0.001 -34"><span class='ocrx_word' id='word_1_117' title='bbox 344 1918 371 1970; x_wconf 91' lang='lat' dir='ltr'><strong>A</strong></span> <span class='ocrx_word' id='word_1_118' title='bbox 383 1933 469 1986; x_wconf 89' lang='lat' dir='ltr'>puero</span> <span class='ocrx_word' id='word_1_119' title='bbox 481 1924 532 1983; x_wconf 90' lang='lat' dir='ltr'>est,</span> <span class='ocrx_word' id='word_1_120' title='bbox 545 1932 685 1986; x_wconf 89' lang='lat' dir='ltr'>causaque</span> <span class='ocrx_word' id='word_1_121' title='bbox 697 1932 761 1970; x_wconf 88' lang='lat' dir='ltr'>mea</span> <span class='ocrx_word' id='word_1_122' title='bbox 773 1916 911 2004; x_wconf 83' lang='lat' dir='ltr'>permulta</span> <span class='ocrx_word' id='word_1_123' title='bbox 923 1924 1037 1985; x_wconf 88' lang='lat' dir='ltr'>rogatus</span> 
     </span>
     <span class='ocr_line' id='line_1_19' title="bbox 346 1995 1042 2071; baseline 0.001 -18"><span class='ocrx_word' id='word_1_124' title='bbox 346 1999 433 2067; x_wconf 88' lang='lat' dir='ltr'>Fecit,</span> <span class='ocrx_word' id='word_1_125' title='bbox 446 2009 474 2053; x_wconf 89' lang='lat' dir='ltr'>et</span> <span class='ocrx_word' id='word_1_126' title='bbox 486 1999 633 2054; x_wconf 88' lang='lat' dir='ltr'>incolumis</span> <span class='ocrx_word' id='word_1_127' title='bbox 646 2000 735 2053; x_wconf 87' lang='lat' dir='ltr'>laetor</span> <span class='ocrx_word' id='word_1_128' title='bbox 746 2000 822 2071; x_wconf 89' lang='lat' dir='ltr'>quod</span> <span class='ocrx_word' id='word_1_129' title='bbox 834 1995 902 2054; x_wconf 90' lang='lat' dir='ltr'>vivit</span> <span class='ocrx_word' id='word_1_130' title='bbox 914 1999 944 2053; x_wconf 91' lang='lat' dir='ltr'>in</span> <span class='ocrx_word' id='word_1_131' title='bbox 956 1999 1042 2054; x_wconf 89' lang='lat' dir='ltr'>urbe:</span> 
     </span>
    </p>

    <p class='ocr_par' dir='ltr' id='par_1_12' title="bbox 343 2082 1089 2485">
     <span class='ocr_line' id='line_1_20' title="bbox 345 2082 1046 2153; baseline 0 -15"><span class='ocrx_word' id='word_1_132' title='bbox 345 2082 402 2138; x_wconf 90' lang='lat' dir='ltr'>Sed</span> <span class='ocrx_word' id='word_1_133' title='bbox 414 2091 510 2137; x_wconf 90' lang='lat' dir='ltr'>tamen</span> <span class='ocrx_word' id='word_1_134' title='bbox 523 2083 653 2150; x_wconf 86' lang='lat' dir='ltr'>admiror,</span> <span class='ocrx_word' id='word_1_135' title='bbox 666 2100 722 2153; x_wconf 92' lang='lat' dir='ltr'>quo</span> <span class='ocrx_word' id='word_1_136' title='bbox 733 2092 817 2153; x_wconf 89' lang='lat' dir='ltr'>pacto</span> <span class='ocrx_word' id='word_1_137' title='bbox 827 2083 965 2153; x_wconf 89' lang='lat' dir='ltr'>judicium</span> <span class='ocrx_word' id='word_1_138' title='bbox 978 2082 1046 2138; x_wconf 93' lang='lat' dir='ltr'>illud</span> 
     </span>
     <span class='ocr_line' id='line_1_21' title="bbox 345 2165 1047 2236; baseline 0.007 -18"><span class='ocrx_word' id='word_1_139' title='bbox 345 2165 466 2235; x_wconf 85' lang='lat' dir='ltr'>Fugerit.</span> <span class='ocrx_word' id='word_1_140' title='bbox 506 2166 602 2220; x_wconf 90' lang='lat' dir='ltr'>Hic</span> <span class='ocrx_word' id='word_1_141' title='bbox 574 2183 670 2236; x_wconf 87' lang='lat' dir='ltr'>ntgrae</span> <span class='ocrx_word' id='word_1_142' title='bbox 683 2183 767 2232; x_wconf 75' lang='lat' dir='ltr'>sucus</span> <span class='ocrx_word' id='word_1_143' title='bbox 779 2166 909 2236; x_wconf 89' lang='lat' dir='ltr'>loliginis,</span> <span class='ocrx_word' id='word_1_144' title='bbox 921 2168 991 2223; x_wconf 91' lang='lat' dir='ltr'>haec</span> <span class='ocrx_word' id='word_1_145' title='bbox 1004 2176 1047 2222; x_wconf 92' lang='lat' dir='ltr'>est</span> 
     </span>
     <span class='ocr_line' id='line_1_22' title="bbox 343 2249 1089 2320; baseline 0.003 -18"><span class='ocrx_word' id='word_1_146' title='bbox 343 2250 455 2318; x_wconf 89' lang='lat' dir='ltr'>Aerugo</span> <span class='ocrx_word' id='word_1_147' title='bbox 467 2265 544 2312; x_wconf 85' lang='lat' dir='ltr'>mera</span> <span class='ocrx_word' id='word_1_148' title='bbox 554 2268 562 2314; x_wconf 90' lang='lat'>;</span> <span class='ocrx_word' id='word_1_149' title='bbox 581 2249 657 2320; x_wconf 90' lang='lat' dir='ltr'>quod</span> <span class='ocrx_word' id='word_1_150' title='bbox 669 2249 768 2304; x_wconf 91' lang='lat' dir='ltr'>vitium</span> <span class='ocrx_word' id='word_1_151' title='bbox 780 2251 879 2320; x_wconf 89' lang='lat' dir='ltr'>procul</span> <span class='ocrx_word' id='word_1_152' title='bbox 889 2250 965 2305; x_wconf 89' lang='lat' dir='ltr'>asore</span> <span class='ocrx_word' id='word_1_153' title='bbox 977 2251 1089 2311; x_wconf 87' lang='lat' dir='ltr'>chartis,</span> 
     </span>
     <span class='ocr_line' id='line_1_23' title="bbox 343 2323 1081 2415; baseline 0.004 -30"><span class='ocrx_word' id='word_1_154' title='bbox 343 2333 436 2402; x_wconf 91' lang='lat' dir='ltr'>Atque</span> <span class='ocrx_word' id='word_1_155' title='bbox 448 2323 542 2386; x_wconf 76' lang='lat' dir='ltr'>anim&#39;o</span> <span class='ocrx_word' id='word_1_156' title='bbox 555 2333 641 2402; x_wconf 89' lang='lat' dir='ltr'>prius,</span> <span class='ocrx_word' id='word_1_157' title='bbox 653 2341 684 2387; x_wconf 95' lang='lat' dir='ltr'>ut</span> <span class='ocrx_word' id='word_1_158' title='bbox 697 2333 721 2386; x_wconf 92' lang='lat' dir='ltr'>si</span> <span class='ocrx_word' id='word_1_159' title='bbox 733 2333 801 2404; x_wconf 92' lang='lat' dir='ltr'>quid</span> <span class='ocrx_word' id='word_1_160' title='bbox 813 2333 975 2415; x_wconf 82' lang='lat' dir='ltr'>promittere</span> <span class='ocrx_word' id='word_1_161' title='bbox 987 2333 1023 2389; x_wconf 92' lang='lat' dir='ltr'>de</span> <span class='ocrx_word' id='word_1_162' title='bbox 1036 2350 1081 2388; x_wconf 91' lang='lat' dir='ltr'>me</span> 
     </span>
     <span class='ocr_line' id='line_1_24' title="bbox 344 2415 1002 2485; baseline 0.002 -16"><span class='ocrx_word' id='word_1_163' title='bbox 344 2416 463 2469; x_wconf 91' lang='lat' dir='ltr'>Possum</span> <span class='ocrx_word' id='word_1_164' title='bbox 475 2416 551 2471; x_wconf 89' lang='lat' dir='ltr'>aliud</span> <span class='ocrx_word' id='word_1_165' title='bbox 563 2433 635 2484; x_wconf 92' lang='lat' dir='ltr'>vere,</span> <span class='ocrx_word' id='word_1_166' title='bbox 637 2415 789 2485; x_wconf 87' lang='lat' dir='ltr'>promitto</span> <span class='ocrx_word' id='word_1_167' title='bbox 827 2416 989 2472; x_wconf 92' lang='lat' dir='ltr'>Liberius</span> <span class='ocrx_word' id='word_1_168' title='bbox 966 2434 1002 2472; x_wconf 88' lang='lat' dir='ltr'>sr</span> 
     </span>
    </p>

    <p class='ocr_par' dir='ltr' id='par_1_13' title="bbox 344 2498 1028 2592">
     <span class='ocr_line' id='line_1_25' title="bbox 344 2498 1028 2592; baseline 0.004 -40"><span class='ocrx_word' id='word_1_169' title='bbox 344 2498 448 2553; x_wconf 87' lang='lat' dir='ltr'>Dixero</span> <span class='ocrx_word' id='word_1_170' title='bbox 461 2498 536 2592; x_wconf 84' lang='lat' dir='ltr'>quid,</span> <span class='ocrx_word' id='word_1_171' title='bbox 550 2516 573 2552; x_wconf 90' lang='lat' dir='ltr'>s1</span> <span class='ocrx_word' id='word_1_172' title='bbox 566 2498 676 2554; x_wconf 76' lang='lat' dir='ltr'>&#39;&#39;fone</span> <span class='ocrx_word' id='word_1_173' title='bbox 665 2499 798 2576; x_wconf 75' lang='lat' dir='ltr'>jocosius,</span> <span class='ocrx_word' id='word_1_174' title='bbox 811 2498 866 2554; x_wconf 93' lang='lat' dir='ltr'>hoc</span> <span class='ocrx_word' id='word_1_175' title='bbox 878 2499 968 2553; x_wconf 93' lang='lat' dir='ltr'>mihi</span> <span class='ocrx_word' id='word_1_176' title='bbox 957 2500 1028 2569; x_wconf 86' lang='lat' dir='ltr'>Juris</span> 
     </span>
    </p>

    <p class='ocr_par' dir='ltr' id='par_1_14' title="bbox 341 2574 1186 3150">
     <span class='ocr_line' id='line_1_26' title="bbox 344 2574 1144 2668; baseline 0.005 -34"><span class='ocrx_word' id='word_1_177' title='bbox 344 2582 416 2635; x_wconf 89' lang='lat' dir='ltr'>Cum</span> <span class='ocrx_word' id='word_1_178' title='bbox 427 2581 510 2635; x_wconf 90' lang='lat' dir='ltr'>venia</span> <span class='ocrx_word' id='word_1_179' title='bbox 521 2581 611 2636; x_wconf 90' lang='lat' dir='ltr'>dabis.</span> <span class='ocrx_word' id='word_1_180' title='bbox 651 2581 776 2636; x_wconf 89' lang='lat' dir='ltr'>lnsuevit</span> <span class='ocrx_word' id='word_1_181' title='bbox 788 2591 868 2651; x_wconf 87' lang='lat' dir='ltr'>pater</span> <span class='ocrx_word' id='word_1_182' title='bbox 873 2574 1001 2668; x_wconf 91' lang='lat' dir='ltr'>optimus</span> <span class='ocrx_word' id='word_1_183' title='bbox 1013 2582 1067 2637; x_wconf 91' lang='lat' dir='ltr'>hoc</span> <span class='ocrx_word' id='word_1_184' title='bbox 1080 2599 1144 2647; x_wconf 87' lang='lat' dir='ltr'>me;</span> 
     </span>
     <span class='ocr_line' id='line_1_27' title="bbox 343 2641 1104 2740; baseline 0.004 -22"><span class='ocrx_word' id='word_1_185' title='bbox 343 2664 384 2718; x_wconf 93' lang='lat' dir='ltr'>Ut</span> <span class='ocrx_word' id='word_1_186' title='bbox 397 2653 530 2734; x_wconf 84' lang='lat' dir='ltr'>fugerem,</span> <span class='ocrx_word' id='word_1_187' title='bbox 543 2664 676 2734; x_wconf 87' lang='lat' dir='ltr'>exemplis</span> <span class='ocrx_word' id='word_1_188' title='bbox 689 2641 820 2740; x_wconf 83' lang='lat' dir='ltr'>vitiorum</span> <span class='ocrx_word' id='word_1_189' title='bbox 832 2682 960 2736; x_wconf 91' lang='lat' dir='ltr'>quaeque</span> <span class='ocrx_word' id='word_1_190' title='bbox 971 2666 1104 2721; x_wconf 85' lang='lat' dir='ltr'>notando.</span> 
     </span>
     <span class='ocr_line' id='line_1_28' title="bbox 343 2741 1014 2819; baseline 0.003 -19"><span class='ocrx_word' id='word_1_191' title='bbox 343 2748 415 2801; x_wconf 88' lang='lat' dir='ltr'>Cum</span> <span class='ocrx_word' id='word_1_192' title='bbox 427 2763 473 2800; x_wconf 89' lang='lat' dir='ltr'>me</span> <span class='ocrx_word' id='word_1_193' title='bbox 485 2748 649 2814; x_wconf 88' lang='lat' dir='ltr'>hortaretur,</span> <span class='ocrx_word' id='word_1_194' title='bbox 662 2763 753 2816; x_wconf 86' lang='lat' dir='ltr'>parce,</span> <span class='ocrx_word' id='word_1_195' title='bbox 732 2741 916 2816; x_wconf 84' lang='lat' dir='ltr'>frugaliter,</span> <span class='ocrx_word' id='word_1_196' title='bbox 930 2757 1014 2819; x_wconf 83' lang='lat' dir='ltr'>atque</span> 
     </span>
     <span class='ocr_line' id='line_1_29' title="bbox 341 2829 1107 2900; baseline 0.004 -16"><span class='ocrx_word' id='word_1_197' title='bbox 341 2831 471 2884; x_wconf 89' lang='lat' dir='ltr'>Viverem</span> <span class='ocrx_word' id='word_1_198' title='bbox 484 2829 524 2884; x_wconf 91' lang='lat' dir='ltr'>uti</span> <span class='ocrx_word' id='word_1_199' title='bbox 538 2839 685 2885; x_wconf 90' lang='lat' dir='ltr'>contentus</span> <span class='ocrx_word' id='word_1_200' title='bbox 698 2847 740 2897; x_wconf 93' lang='lat' dir='ltr'>eo,</span> <span class='ocrx_word' id='word_1_201' title='bbox 750 2829 826 2900; x_wconf 92' lang='lat' dir='ltr'>quod</span> <span class='ocrx_word' id='word_1_202' title='bbox 838 2829 877 2884; x_wconf 93' lang='lat' dir='ltr'>mi</span> <span class='ocrx_word' id='word_1_203' title='bbox 890 2831 951 2900; x_wconf 92' lang='lat' dir='ltr'>ipse</span> <span class='ocrx_word' id='word_1_204' title='bbox 963 2842 1107 2900; x_wconf 88' lang='lat' dir='ltr'>parasset:</span> 
     </span>
     <span class='ocr_line' id='line_1_30' title="bbox 343 2905 1035 2984; baseline 0.003 -17"><span class='ocrx_word' id='word_1_205' title='bbox 343 2916 447 2968; x_wconf 89' lang='lat' dir='ltr'>Nonne</span> <span class='ocrx_word' id='word_1_206' title='bbox 459 2912 546 2980; x_wconf 91' lang='lat' dir='ltr'>vides,</span> <span class='ocrx_word' id='word_1_207' title='bbox 558 2905 623 2967; x_wconf 83' lang='lat' dir='ltr'>Albi</span> <span class='ocrx_word' id='word_1_208' title='bbox 636 2921 667 2967; x_wconf 92' lang='lat' dir='ltr'>ut</span> <span class='ocrx_word' id='word_1_209' title='bbox 678 2914 752 2984; x_wconf 83' lang='lat' dir='ltr'>male</span> <span class='ocrx_word' id='word_1_210' title='bbox 764 2913 842 2967; x_wconf 87' lang='lat' dir='ltr'>vivat</span> <span class='ocrx_word' id='word_1_211' title='bbox 854 2913 936 2981; x_wconf 88' lang='lat' dir='ltr'>filius,</span> <span class='ocrx_word' id='word_1_212' title='bbox 950 2923 1035 2984; x_wconf 92' lang='lat' dir='ltr'>utque</span> 
     </span>
     <span class='ocr_line' id='line_1_31' title="bbox 342 2989 1186 3091; baseline 0.005 -41"><span class='ocrx_word' id='word_1_213' title='bbox 342 2999 445 3052; x_wconf 90' lang='lat' dir='ltr'>Barrus</span> <span class='ocrx_word' id='word_1_214' title='bbox 458 2994 557 3091; x_wconf 82' lang='lat' dir='ltr'>inpps?</span> <span class='ocrx_word' id='word_1_215' title='bbox 577 3012 711 3065; x_wconf 90' lang='lat' dir='ltr'>magnum</span> <span class='ocrx_word' id='word_1_216' title='bbox 723 2989 932 3065; x_wconf 87' lang='lat' dir='ltr'>documentum,</span> <span class='ocrx_word' id='word_1_217' title='bbox 945 3015 981 3052; x_wconf 91' lang='lat' dir='ltr'>ne</span> <span class='ocrx_word' id='word_1_218' title='bbox 993 2999 1121 3069; x_wconf 16' lang='lat' dir='ltr'>patnam*</span> <span class='ocrx_word' id='word_1_219' title='bbox 1126 3017 1186 3055; x_wconf 89' lang='lat' dir='ltr'>rem</span> 
     </span>
     <span class='ocr_line' id='line_1_32' title="bbox 342 3079 1129 3164; baseline 0.001 -29"><span class='ocrx_word' id='word_1_220' title='bbox 342 3080 460 3135; x_wconf 90' lang='lat' dir='ltr'>Perdere</span> <span class='ocrx_word' id='word_1_221' title='bbox 473 3079 535 3150; x_wconf 87' lang='lat' dir='ltr'>quis</span> <span class='ocrx_word' id='word_1_222' title='bbox 547 3080 622 3164; x_wconf 75' lang='lat' dir='ltr'>velit</span> <span class='ocrx_word' id='word_1_223' title='bbox 660 3079 687 3133; x_wconf 95' lang='lat' dir='ltr'>A</span> <span class='ocrx_word' id='word_1_224' title='bbox 699 3079 772 3149; x_wconf 82' lang='lat' dir='ltr'>turpi</span> <span class='ocrx_word' id='word_1_225' title='bbox 784 3080 937 3136; x_wconf 86' lang='lat' dir='ltr'>meretricis</span> <span class='ocrx_word' id='word_1_226' title='bbox 950 3097 1052 3144; x_wconf 65' lang='lat' dir='ltr'>amore,</span> <span class='ocrx_word' id='word_1_227' title='bbox 1125 3099 1129 3110; x_wconf 85' lang='lat'><em>·</em></span> 
     </span>
    </p>
   </div>
   <div class='ocr_carea' id='block_1_3' title="bbox 339 3246 1191 3569">
    <p class='ocr_par' dir='ltr' id='par_1_15' title="bbox 339 3246 1077 3484">
     <span class='ocr_line' id='line_1_33' title="bbox 342 3246 1072 3322; baseline 0.003 -22"><span class='ocrx_word' id='word_1_228' title='bbox 342 3249 387 3301; x_wconf 92' lang='lat' dir='ltr'>Ne</span> <span class='ocrx_word' id='word_1_229' title='bbox 400 3263 529 3318; x_wconf 91' lang='lat' dir='ltr'>sequerer</span> <span class='ocrx_word' id='word_1_230' title='bbox 540 3246 683 3322; x_wconf 82' lang='lat' dir='ltr'>moechas,</span> <span class='ocrx_word' id='word_1_231' title='bbox 695 3262 831 3301; x_wconf 87' lang='lat' dir='ltr'>concessa</span> <span class='ocrx_word' id='word_1_232' title='bbox 842 3263 907 3303; x_wconf 93' lang='lat' dir='ltr'>cum</span> <span class='ocrx_word' id='word_1_233' title='bbox 919 3263 1019 3302; x_wconf 88' lang='lat' dir='ltr'>venere</span> <span class='ocrx_word' id='word_1_234' title='bbox 1032 3248 1072 3302; x_wconf 88' lang='lat' dir='ltr'>uti</span> 
     </span>
     <span class='ocr_line' id='line_1_34' title="bbox 340 3325 1077 3398; baseline 0 -14"><span class='ocrx_word' id='word_1_235' title='bbox 340 3331 473 3384; x_wconf 86' lang='lat' dir='ltr'>Possem:</span> <span class='ocrx_word' id='word_1_236' title='bbox 495 3329 633 3397; x_wconf 91' lang='lat' dir='ltr'>Deprensi</span> <span class='ocrx_word' id='word_1_237' title='bbox 646 3346 703 3383; x_wconf 90' lang='lat' dir='ltr'>non</span> <span class='ocrx_word' id='word_1_238' title='bbox 714 3329 790 3383; x_wconf 93' lang='lat' dir='ltr'>bella</span> <span class='ocrx_word' id='word_1_239' title='bbox 802 3338 845 3384; x_wconf 91' lang='lat' dir='ltr'>est</span> <span class='ocrx_word' id='word_1_240' title='bbox 857 3329 933 3384; x_wconf 83' lang='lat' dir='ltr'>sama</span> <span class='ocrx_word' id='word_1_241' title='bbox 945 3325 1077 3398; x_wconf 85' lang='lat' dir='ltr'>Treb&#39;oni,</span> 
     </span>
     <span class='ocr_line' id='line_1_35' title="bbox 339 3401 950 3484; baseline -0.002 -17"><span class='ocrx_word' id='word_1_242' title='bbox 339 3402 459 3467; x_wconf 79' lang='lat' dir='ltr'>Aiebat</span> <span class='ocrx_word' id='word_1_243' title='bbox 487 3411 614 3480; x_wconf 90' lang='lat' dir='ltr'>Sapiens,</span> <span class='ocrx_word' id='word_1_244' title='bbox 626 3411 715 3467; x_wconf 87' lang='lat' dir='ltr'>vitatu</span> <span class='ocrx_word' id='word_1_245' title='bbox 728 3413 850 3484; x_wconf 88' lang='lat' dir='ltr'>quidque</span> <span class='ocrx_word' id='word_1_246' title='bbox 862 3401 950 3483; x_wconf 87' lang='lat' dir='ltr'>p&#39;etitu</span> 
     </span>
    </p>

    <p class='ocr_par' dir='ltr' id='par_1_16' title="bbox 340 3492 1191 3569">
     <span class='ocr_line' id='line_1_36' title="bbox 340 3492 1191 3569; baseline -0.001 -18"><span class='ocrx_word' id='word_1_247' title='bbox 340 3495 383 3551; x_wconf 90' lang='lat' dir='ltr'>Sit</span> <span class='ocrx_word' id='word_1_248' title='bbox 395 3493 503 3559; x_wconf 86' lang='lat' dir='ltr'>melius,</span> <span class='ocrx_word' id='word_1_249' title='bbox 516 3508 617 3547; x_wconf 88' lang='lat' dir='ltr'>causas</span> <span class='ocrx_word' id='word_1_250' title='bbox 629 3492 727 3548; x_wconf 91' lang='lat' dir='ltr'>reddet</span> <span class='ocrx_word' id='word_1_251' title='bbox 739 3494 809 3549; x_wconf 89' lang='lat' dir='ltr'>tibi:</span> <span class='ocrx_word' id='word_1_252' title='bbox 829 3494 868 3548; x_wconf 90' lang='lat' dir='ltr'>mi</span> <span class='ocrx_word' id='word_1_253' title='bbox 881 3493 950 3569; x_wconf 77' lang='lat' dir='ltr'>satis</span> <span class='ocrx_word' id='word_1_254' title='bbox 963 3505 1014 3563; x_wconf 91' lang='lat' dir='ltr'>est,</span> <span class='ocrx_word' id='word_1_255' title='bbox 1027 3495 1051 3550; x_wconf 89' lang='lat' dir='ltr'>si</span> <span class='ocrx_word' id='word_1_256' title='bbox 1155 3520 1191 3557; x_wconf 70' lang='lat'>11⁶</span> 
     </span>
    </p>
   </div>
   <div class='ocr_carea' id='block_1_4' title="bbox 0 0 1406 4176">
    <p class='ocr_par' dir='ltr' id='par_1_17' title="bbox 0 0 1406 4176">
     <span class='ocr_line' id='line_1_37' title="bbox 0 0 1406 4176; baseline 0 3"><span class='ocrx_word' id='word_1_257' title='bbox 0 0 1406 4176; x_wconf 95' lang='lat' dir='ltr'> </span> 
     </span>
    </p>
   </div>
  </div>
 </body>
</html>
