2748 4138
436 431 530 474 muna
552 433 585 475 11.
634 433 782 477 arrsrom
805 433 824 476 r.
995 419 1053 493 269

206 558 251 611 An
264 575 334 628 quos
347 567 375 612 et
386 575 518 628 praesens
531 569 559 614 et
571 569 684 629 postera
695 571 808 631 respuat
820 563 918 617 aetas?

207 644 264 696 iste
277 641 391 712 quidem
403 651 510 697 veteres
523 641 596 696 inter
608 653 727 713 ponetur
739 645 864 713 honeste,

207 724 261 795 Qui
273 725 318 778 vel
330 741 427 778 mense
438 725 518 780 brevi
529 727 574 780 vel
586 735 646 781 toto
659 736 701 780 est
710 727 806 797 junior
818 745 899 783 anno.

207 809 281 862 Utor
292 807 437 876 permisso,
451 808 613 878 caudaeque
625 809 697 879 pilos
710 819 741 863 ut
753 811 871 880 equinae

207 890 356 944 Paullatim
367 891 448 959 vello,
461 900 490 945 et
502 891 585 946 demo
598 910 693 959 unum,
706 892 789 946 demo
802 902 830 947 et
842 893 909 948 item
921 911 1016 961 unum,

207 975 284 1026 Dum
296 973 380 1026 cadat
392 974 485 1027 elusus
498 974 606 1028 ratione
618 974 724 1028 ruentis
737 976 838 1043 acervi,

207 1055 263 1126 Qui
275 1056 347 1110 redit
359 1055 388 1109 in
400 1055 497 1124 fastos,
509 1057 641 1111 virtutem
654 1058 784 1112 aestimat
796 1058 886 1126 annis,

207 1138 381 1209 Miraturque
393 1140 464 1192 nihil
476 1140 530 1194 nisi
543 1141 619 1210 quod
633 1141 757 1195 Libitina
769 1142 897 1196 sacravit.

207 1221 324 1289 Ennius,
337 1232 364 1277 et
377 1223 490 1292 sapiens
502 1232 531 1278 et
542 1223 631 1291 sortis,
644 1233 672 1278 et
684 1225 755 1279 alter
768 1226 918 1292 Homerus,

208 1306 247 1359 Ut
260 1305 348 1359 critici
361 1305 467 1373 dicunt,
479 1305 576 1360 leviter
588 1323 685 1361 curare
694 1307 811 1374 videtur,

207 1389 269 1457 Quo
282 1388 421 1457 promissa
432 1388 537 1443 cadant
549 1399 578 1444 et
591 1390 701 1443 somnia
715 1391 897 1460 Pythagorea

207 1471 331 1525 Naevius
344 1471 374 1525 in
385 1472 516 1526 manibus
528 1489 586 1527 non
598 1482 649 1540 est,
663 1482 690 1527 et
702 1473 844 1528 mentibus
856 1474 952 1528 haeret

206 1554 298 1608 Paene
310 1557 428 1609 recens?
450 1555 521 1609 adeo
534 1565 664 1611 sanctum
676 1566 719 1611 est
732 1566 813 1611 vetus
824 1574 908 1612 omne
919 1563 1028 1627 poema

205 1636 364 1706 Ambigitur
376 1639 505 1709 quotiens
518 1647 579 1693 uter
591 1648 654 1693 utro
667 1639 704 1693 sit
715 1639 809 1709 prior3
828 1641 916 1695 aufert

206 1720 343 1774 Pacuvius
356 1721 432 1776 docti
444 1721 550 1776 famam
563 1722 646 1789 senis,
660 1723 763 1776 Accius
776 1723 824 1776 alti
837 1743 844 1789 ;

207 1803 317 1857 Dicitur
328 1804 426 1858 Afrani
439 1815 506 1875 toga
519 1806 683 1860 convenisse
697 1806 873 1872 Menandr03

207 1888 321 1941 Plautus
334 1887 370 1940 ad
383 1890 525 1958 exemplar
538 1889 624 1944 Siculi
636 1905 784 1959 properare
798 1889 960 1959 Epicharmi
973 1909 979 1954 ;

206 1969 324 2023 Vincere
338 1971 475 2025 Caecilius
488 1973 632 2041 gravitate,
646 1973 794 2028 Terentius
807 1982 873 2028 arte.

208 2051 270 2105 Hos
283 2052 390 2120 ediscit,
403 2063 430 2108 et
443 2055 495 2108 hos
509 2064 569 2109 arto
582 2057 686 2125 stipata
698 2057 807 2110 theatro

208 2134 323 2202 Spectat
337 2136 429 2189 Roma
440 2145 540 2204 potens
552 2156 559 2202 ;
578 2138 664 2192 habet
675 2139 728 2193 hos
740 2150 924 2210 numeratque
936 2144 1034 2209 poetas

206 2216 251 2270 Ad
264 2225 391 2270 nostrum
403 2226 521 2287 tempus,
536 2219 596 2272 Livi
609 2220 752 2289 scriptoris
764 2221 802 2275 ab
814 2237 890 2276 aevo.

208 2300 353 2353 Interdum
365 2301 464 2369 volgus
476 2310 585 2356 rectum
596 2302 673 2356 videt
684 2323 692 2368 ;
711 2313 753 2357 est
765 2304 813 2357 ubi
825 2314 932 2373 peccat.

208 2381 238 2435 Si
250 2391 358 2436 veteres
371 2383 412 2437 ita
423 2383 540 2438 miratur
552 2385 703 2455 laudatque
716 2391 822 2454 po'e'taS,

209 2465 251 2519 Ut
262 2464 332 2518 nihil
345 2466 489 2533 anteferat,
502 2467 572 2520 nihil
585 2468 638 2522 illis
651 2477 802 2537 comparet,
815 2478 904 2524 errat:

209 2548 239 2602 Si
252 2549 390 2619 quaedam
403 2550 487 2603 nimis
499 2551 621 2621 antique,
635 2551 658 2604 si
671 2552 802 2622 pleraque
814 2552 883 2606 dure

210 2631 311 2686 Dicere
323 2633 410 2686 credit
423 2649 480 2700 eos,
493 2633 593 2703 ignave
606 2635 695 2688 multa
706 2634 816 2701 fatetur,

210 2716 247 2768 Et
260 2715 341 2784 sapit,
355 2725 382 2770 et
395 2732 506 2771 mecum
518 2715 592 2784 fecit,
605 2727 632 2770 et
643 2718 712 2787 Jove
721 2717 830 2786 judicat
843 2734 939 2789 aequo.

209 2799 236 2850 N
239 2814 277 2851 on
289 2799 419 2869 equidem
432 2799 561 2867 insector,
573 2800 747 2870 delendaque
760 2800 885 2854 cannina
898 2801 958 2855 Livi

210 2881 281 2934 Esse
294 2897 363 2948 reor,
376 2881 491 2936 memini
505 2898 577 2952 quae
589 2883 737 2952 plagosum
749 2882 818 2937 mihi
831 2900 917 2953 parvo

209 2963 347 3017 Orbilium
359 2964 481 3018 dictare:
502 2966 552 3019 sed
565 2966 713 3020 emendata
724 2965 813 3020 videri

210 3046 391 3117 Pulchraque,
404 3056 432 3101 et
444 3048 549 3102 exactis
561 3048 708 3102 minimum
720 3047 862 3116 distantia,
875 3049 976 3105 miror:

211 3129 285 3183 Inter
297 3146 369 3200 quae
381 3130 498 3184 verbum
511 3130 623 3185 emicuit
636 3131 659 3185 si
671 3131 742 3185 sorte
754 3131 895 3201 decorum,
908 3142 936 3187 et

210 3211 240 3264 Si
252 3228 348 3266 versus
360 3213 454 3282 paullo
467 3213 629 3267 concinnior
641 3231 712 3268 unus
725 3223 752 3268 et
766 3215 842 3283 alter,

211 3293 318 3363 Injuste
330 3303 421 3350 totum
433 3295 511 3350 ducit
523 3296 673 3366 venditque
684 3302 794 3367 poema

211 3377 344 3447 Indignor
356 3378 510 3449 quidquam
522 3380 695 3448 reprehendi,
707 3396 764 3434 non
777 3380 843 3451 quia
854 3399 947 3439 crasse

211 3459 403 3531 Compositum
415 3461 562 3532 illepideve
574 3472 692 3533 putetur,
705 3463 755 3518 sed
767 3463 833 3535 quia
844 3482 932 3536 nuper
943 3487 950 3532 ;
1034 3504 1058 3540 77
