2804 4176
431 438 526 482 LIBER
549 438 581 482 11.
626 439 737 482 SATIRA
750 440 810 483 'VlL
988 439 1046 498 225

201 569 335 622 Mortales
348 568 458 621 animas
470 568 567 622 vivunt
580 568 687 635 sortita,
699 575 790 638 neque
802 569 860 623 ulla
872 578 915 624 est

198 651 255 704 Ant
267 667 371 720 magno
383 659 432 704 aut
444 667 531 720 parvo
542 650 591 704 leti
603 649 670 719 fuga
682 669 688 704 :
708 668 773 720 quo,
785 653 866 719 bone,
879 652 961 719 circa,

200 735 277 787 Dum
288 734 362 801 licet,
375 733 404 787 in
416 734 499 787 rebus
505 733 638 802 jucundis
650 733 713 788 vive
726 734 825 788 beatus
838 754 845 800 ;

198 816 389 874 Vivetmemor
400 832 485 886 quarn
498 815 537 870 sis
549 816 611 869 aevi
623 817 723 871 brevis.
762 817 843 871 Haec
855 817 904 872 ubi
916 817 995 872 dicta

198 900 346 968 Agrestem
357 899 497 968 pepulere,
510 899 595 954 domo
607 899 675 953 levis
688 899 795 955 exsilit:
817 900 883 956 inde

198 983 291 1036 Ambo
304 982 478 1051 propositum
490 991 627 1051 peragunt
639 982 699 1050 iter,
711 983 788 1037 urbis
802 992 917 1038 aventes

200 1064 315 1118 Moenia
326 1064 455 1119 nocturni
468 1066 624 1134 subrepere.
662 1067 782 1135 Jamque
794 1067 910 1121 tenebat

202 1148 267 1201 Nox
279 1146 402 1201 medium
415 1148 485 1202 caeli
498 1149 628 1217 spatium,
641 1165 706 1202 cum
718 1149 798 1218 ponit
810 1158 927 1220 uterque

201 1230 236 1282 ln
247 1230 385 1299 locuplete
397 1230 482 1285 domo
494 1231 612 1299 vestigia
623 1249 630 1296 ;
648 1232 733 1285 rubro
745 1232 794 1285 ubi
806 1249 892 1287 cocco

200 1312 303 1366 Tincta
315 1330 398 1383 super
409 1314 496 1368 lectos
508 1313 640 1368 canderet
652 1313 739 1368 vestis
752 1316 881 1383 ebumos‚

202 1397 348 1466 Multaque
360 1397 396 1451 de
407 1413 512 1466 magna
524 1406 701 1467 superessent
713 1397 818 1452 fercula
829 1415 927 1466 coena,

202 1480 282 1548 Quae
294 1480 391 1549 procul
403 1481 549 1536 exstructis
561 1481 670 1534 inerant
681 1481 814 1535 hesterna
826 1481 963 1537 canistris.

202 1564 278 1632 Ergo
291 1563 339 1617 ubi
351 1580 490 1633 purpurea
501 1573 660 1633 porrectum
672 1564 702 1618 in
714 1574 791 1618 veste
803 1565 906 1620 locavit

200 1647 356 1715 Agrestem‚
369 1647 454 1700 veluti
467 1647 627 1701 succinctus
639 1647 755 1702 cursitat
766 1648 879 1718 hospes,

204 1729 410 1799 Continuatque
422 1729 509 1799 dapes
520 1748 528 1795 ;
547 1745 598 1784 nec
611 1746 669 1786 non
681 1731 822 1787 verniliter
834 1731 903 1801 ipsis

203 1813 340 1881 Fungitur
352 1812 459 1880 officiis,
472 1813 667 1883 praelambens
680 1830 763 1868 omne
776 1814 852 1884 quod
864 1813 951 1870 affert.

204 1895 255 1949 Ille
267 1896 374 1949 cubans
386 1896 490 1964 gaudet
502 1905 611 1950 mutata
623 1905 698 1952 sorte
710 1896 848 1967 bonisque

203 1979 299 2032 Rebus
312 1977 370 2046 agit
382 1978 487 2032 laetum
499 1979 647 2034 convivam
660 1999 667 2044 ;
686 1996 751 2034 cum
763 1980 856 2034 subito
869 1979 968 2050 ingens

203 2061 354 2113 Valvarum
366 2061 498 2131 strepitus
510 2062 591 2116 lectis
604 2063 724 2116 excussit
737 2072 892 2133 utrumque.

205 2143 321 2196 Currere
333 2159 383 2211 per
394 2151 485 2197 toturn
498 2144 593 2213 pavidi
606 2146 747 2212 conclave,
760 2145 906 2214 magisque

204 2224 357 2278 Exanimes
370 2225 517 2294 trepidare,
530 2227 613 2280 simul
625 2227 725 2282 domus
738 2229 795 2281 alta
809 2227 941 2282 Molossis

204 2308 351 2362 Personuit
363 2308 488 2363 canibus.
527 2310 601 2363 Tum
613 2310 741 2376 rusticus,
755 2310 842 2365 Haud
854 2310 923 2363 mihi
936 2309 995 2364 vita

205 2393 257 2446 Est
270 2408 340 2461 opus
352 2392 415 2459 hac,
427 2392 475 2459 ait,
488 2400 516 2447 et
528 2391 640 2446 valeas:
659 2409 705 2446 me
719 2393 789 2446 silva
801 2408 941 2462 cavusque

204 2476 294 2528 Tutus
307 2475 344 2528 ab
357 2473 465 2528 insidiis
478 2474 554 2528 tenui
567 2475 702 2529 solabitur
714 2490 787 2528 ervo.
1015 2509 1050 2545 117

494 2673 659 2728 SATIRA
690 2674 765 2726 Vll.

207 2807 390 2875 JAMDUDUM
403 2808 538 2876 ausculto,
551 2816 579 2862 et
591 2807 705 2876 cupiens
718 2806 770 2863 tibi
782 2805 875 2860 dicere
887 2822 982 2860 servus

209 2891 311 2958 Pauca,
324 2890 482 2946 reformido.
520 2891 674 2946 Davusne?
694 2892 746 2954 lta,
763 2891 869 2957 Davus,
881 2889 1004 2946 amicum

211 2973 387 3043 Mancipium
399 2973 523 3042 domino,
536 2983 564 3028 et
577 2973 648 3042 frugi
661 2973 737 3043 quod
750 2972 786 3025 sit
799 2972 887 3037 satis3
904 2972 959 3026 hoc
972 2981 1023 3039 est,

212 3057 253 3111 Ut
263 3057 348 3112 vitale
360 3067 450 3126 putes.
486 3058 556 3126 Age,
569 3057 698 3111 libertate
711 3055 862 3110 Decembri

211 3141 344 3210 (Quando
357 3141 397 3195 ita
407 3140 529 3211 majores
541 3140 698 3209 voluerunt)
711 3149 806 3205 utere;
824 3155 913 3194 narra

212 3225 281 3278 Pars
294 3224 440 3279 hominum
452 3224 527 3279 vitiis
540 3224 644 3294 gaudet
656 3231 824 3290 constanter,
837 3231 864 3276 et
876 3231 956 3292 urget

212 3308 389 3376 Propositum
400 3326 408 3373 ;
426 3323 491 3377 pars
503 3308 593 3362 multa
604 3314 692 3374 natat,
705 3306 790 3360 modo
802 3313 879 3360 recta
890 3321 1048 3374 capessens,

213 3390 358 3444 Interdum
370 3391 463 3460 pravis
476 3391 605 3446 obnoxia
643 3391 734 3459 Saepe
746 3397 858 3443 notatus

212 3474 284 3527 Cum
296 3474 385 3528 tribus
396 3474 524 3543 armellis,
536 3474 621 3529 modo
633 3474 714 3528 laeva
727 3473 837 3528 Priscus
850 3472 935 3540 inani,
1039 3507 1051 3543 9

622 3590 642 3645 Q
