2766 4162
329 416 368 484 48

587 429 719 471 HORATII
740 429 912 480 CARMINUM

469 559 604 612 Nondum
617 559 735 627 expiatis
749 567 833 612 uncta
846 557 998 624 cruoribus,

467 641 642 694 Periculosae
654 642 768 710 plenum
781 657 851 709 opus
864 640 950 705 aleae,

500 727 618 779 Tractas
630 743 637 789 ;
656 733 683 777 et
696 724 803 777 incedis
815 740 865 792 per
877 723 956 791 ignes

537 807 703 876 Suppositos
717 807 802 860 cineri
816 805 922 859 doloso.

467 943 595 997 Paullum
608 958 720 996 severae
735 942 819 995 Musa
831 940 1008 1009 Tragoediae

466 1028 547 1082 Desit
560 1027 676 1081 theatris
688 1047 694 1091 ;
713 1044 787 1093 mox,
800 1027 847 1080 ubi
860 1025 987 1095 publicas

502 1113 559 1165 Res
572 1110 719 1177 ordinaris,
732 1109 838 1178 grande
851 1125 952 1162 munus

537 1193 672 1263 Cecropio
685 1201 793 1262 repetes
806 1193 951 1259 cothurno,

465 1329 580 1398 Insigne
592 1326 706 1380 maestis
719 1325 890 1396 praesidium
902 1325 964 1392 reis,

464 1415 501 1467 Et
514 1410 679 1476 consulenti,
693 1409 789 1476 Pollio,
803 1408 913 1472 curiae3

500 1494 551 1550 Cui
563 1495 657 1547 laurus
670 1501 798 1545 aeternos
811 1493 931 1545 honores

535 1575 692 1630 Delmatico
705 1575 812 1644 peperit
825 1574 974 1644 triumpho.

462 1710 525 1778 Jam
538 1727 612 1763 nunc
625 1709 729 1763 minaci
741 1727 882 1764 murmure
894 1727 1028 1764 cornuum

463 1792 631 1860 Perstringis
644 1809 734 1860 aures,
743 1793 804 1861 jam
816 1793 876 1846 litui
890 1803 1028 1862 strepunt,

496 1876 561 1943 Jam
573 1876 664 1944 fulgor
676 1892 818 1929 armorum
831 1875 944 1945 fugaces

533 1959 633 2010 Terret
645 1974 732 2028 equos
745 1959 924 2030 equitumque
935 1959 1033 2012 voltus.

462 2090 567 2144 Audire
580 2107 698 2159 magnos
708 2090 769 2159 jam
781 2090 878 2145 videor
890 2091 974 2145 duces

465 2173 531 2226 Non
544 2172 676 2227 indecoro
688 2174 801 2243 pulvere
814 2173 942 2228 sordidos
954 2194 960 2238 3

497 2255 535 2308 Et
548 2264 650 2309 cuncta
662 2264 798 2310 terrarum
811 2256 929 2310 subacta

533 2339 645 2392 Praeter
657 2347 780 2392 atrocem
794 2340 919 2394 animum
933 2340 1055 2394 Catonis.

459 2473 541 2540 Juno,
554 2480 581 2525 et
594 2472 710 2528 deorum
722 2472 848 2544 quisquis
862 2472 977 2527 amicior

459 2555 533 2608 Afris
547 2555 635 2609 inulta
648 2565 769 2610 cesserat
781 2556 921 2625 impotens

494 2638 614 2705 Tellure,
626 2638 763 2692 victorum
775 2649 892 2709 nepotes

530 2721 647 2774 Rettulit
660 2720 772 2774 inferias
784 2721 944 2790 Jugurthae.

461 2852 530 2922 Quis
543 2869 600 2905 non
614 2853 714 2907 Latino
728 2853 863 2922 sanguine
874 2855 1004 2924 pinguior

460 2936 583 3005 Campus
597 2936 730 3005 sepulcris
744 2936 831 3006 impia
842 2938 948 3006 proelia

494 3018 635 3086 Testatur,
648 3018 829 3089 auditumque
843 3021 936 3074 Medis

529 3101 684 3170 Hesperiae
697 3102 820 3155 sonitum
832 3104 948 3157 ruinae?

459 3232 514 3301 Qui
526 3249 635 3302 gurges,
649 3243 697 3287 aut
709 3250 782 3304 quae
794 3234 910 3288 flumina
921 3235 1045 3303 lugubris

458 3317 562 3384 Ignara
573 3315 661 3369 belli?
680 3316 756 3387 quod
769 3332 845 3370 mare
859 3317 989 3370 Dauniae

494 3397 561 3448 Non
575 3396 768 3451 decoloravere
782 3398 901 3452 caedes?

527 3479 606 3546 Quae
619 3488 694 3532 caret
707 3496 756 3532 ora
769 3497 865 3534 cruore
878 3481 992 3534 nostro?
