2804 4176
566 746 598 815 Q.
620 745 788 799 Hoanrrr
810 744 947 798 amccr

447 905 1064 1002 SATIRARUM

571 1099 691 1152 LIBER
722 1097 947 1152 SECUNDUS.

705 1278 814 1311 -4-

653 1425 818 1479 SATIRA
845 1425 865 1478 Ι.

340 1559 428 1612 SUNT
441 1556 541 1628 quibus
554 1557 583 1610 in
596 1557 682 1611 satira
693 1557 790 1611 videor
801 1557 885 1611 nimis
899 1573 970 1624 acer,
983 1567 1010 1611 et
1021 1557 1093 1611 ultra

341 1642 444 1710 Legem
456 1641 570 1695 tendere
583 1657 653 1709 opus
664 1660 671 1705 ;
690 1640 750 1694 sine
761 1641 853 1695 nervis
866 1641 961 1708 altera,
974 1639 1110 1711 quidquid
1208 1667 1212 1681 ·

341 1723 500 1793 Composui,
512 1739 577 1792 pars
590 1739 651 1777 esse
663 1732 751 1792 putat,
764 1723 923 1795 similesque
936 1740 1061 1778 meorum

342 1807 421 1860 Mille
434 1806 479 1860 die
491 1822 588 1859 versus
600 1805 702 1860 deduci
714 1823 804 1876 posse.
842 1807 966 1874 Trebati,

343 1887 418 1958 Quid
426 1887 536 1955 faciam,
544 1889 709 1957 praescribe.
741 1890 884 1959 Quiescas.
915 1892 959 1943 Ne
969 1888 1079 1956 faciam,
1087 1887 1187 1958 inquis,

343 1970 465 2027 Omnino
478 1972 593 2025 versus?
629 1971 689 2025 Aio.
727 1973 842 2026 Peream
855 1973 936 2040 male,
950 1972 1042 2026 sinon

343 2054 489 2123 Optimum
502 2062 560 2107 erat
572 2072 577 2106 :
597 2070 694 2108 verum
706 2071 815 2124 nequeo
827 2055 955 2109 dormire.
991 2055 1048 2108 Ter
1060 2054 1135 2108 uncti

342 2139 520 2190 Transnanto
533 2136 666 2204 Tiberim,
679 2154 778 2191 somno
791 2137 892 2208 quibus
904 2147 946 2192 est
959 2154 1029 2206 opus
1041 2137 1107 2204 alto,
1153 2138 1155 2142 ’

345 2220 538 2290 Irriguumque
549 2236 627 2273 mero
640 2221 692 2274 sub
704 2229 817 2275 noctem
829 2237 931 2290 corpus
944 2220 1074 2274 habento.

344 2306 409 2371 Aut,
422 2303 446 2356 si
458 2311 555 2356 tantus
565 2319 645 2356 amor
657 2303 797 2357 scribendi
810 2313 837 2357 te
849 2303 930 2372 rapit,
944 2303 1015 2357 aude

346 2385 473 2441 Caesaris
486 2385 583 2439 invicti
595 2402 639 2439 res
652 2385 753 2454 dicere,
765 2386 854 2440 multa
865 2387 993 2440 laborum

347 2469 474 2524 Praemia
486 2469 598 2523 laturus.
639 2469 787 2538 Cupidum,
799 2478 879 2538 pater
891 2469 1003 2538 optime,
1016 2469 1088 2523 vires

347 2551 503 2606 Deficiunt:
524 2568 615 2621 neque
627 2552 703 2605 enim
715 2552 803 2622 quivis
816 2552 957 2606 horrentia
968 2551 1033 2621 pilis

345 2635 475 2704 Agmina,
488 2651 539 2688 nec
553 2633 641 2688 fracta
652 2644 799 2704 pereuntes
812 2635 927 2704 cuspide
939 2635 1044 2702 Gallos,

347 2721 403 2774 Aut
415 2717 535 2771 labentis
549 2733 620 2788 equo
633 2716 773 2771 describat
785 2718 899 2771 volnera
912 2717 1014 2771 Parthi.

347 2803 480 2855 Attamen
492 2807 521 2854 et
529 2799 637 2869 justum
647 2807 758 2869 poteras
772 2810 800 2855 et
812 2799 931 2855 scribere
944 2800 1052 2869 fortem,

350 2882 512 2953 Scipiadam
524 2891 555 2936 ut
567 2883 679 2951 sapiens
693 2883 820 2938 Lucilius
859 2884 944 2939 Haud
956 2883 1025 2937 mihi
1038 2884 1129 2950 deer0,

350 2969 422 3022 Cum
433 2983 477 3020 res
490 2965 552 3035 ipsa
563 2965 641 3020 feret.
680 2965 743 3020 Nisi
755 2965 852 3020 dextro
865 2976 997 3036 tempore,
1011 2966 1105 3021 Flacci

349 3050 443 3104 Verba
454 3064 503 3118 per
516 3058 651 3103 attentam
663 3066 721 3102 non
733 3049 813 3103 ibunt
827 3051 954 3105 Caesaris
967 3067 1081 3115 aurem3

351 3132 403 3187 Cui
414 3134 488 3186 male
500 3131 523 3184 si
536 3131 656 3201 palpere,
669 3133 824 3187 recalcitrat
836 3132 958 3203 undique
970 3142 1053 3188 tutus.

352 3218 464 3285 Quanto
476 3215 578 3268 rectius
590 3215 643 3268 hoc
654 3232 739 3284 quam
751 3215 822 3270 tristi
835 3216 944 3271 laedere
955 3232 1038 3271 versu

352 3296 537 3350 Pantolabum
550 3313 673 3350 scurram
687 3298 952 3368 Nomentanumque
964 3306 1094 3367 nepotem
1108 3300 1114 3351 l

353 3381 425 3435 Cum
434 3378 488 3432 sibi
497 3378 614 3449 quisque
623 3379 711 3446 timet,
720 3397 891 3450 quamquam
900 3390 943 3435 est
952 3381 1082 3449 intactus,
1090 3389 1118 3435 et
1128 3380 1195 3435 odit.

353 3461 428 3531 Quid
440 3460 561 3514 faciam?
599 3461 687 3516 Saltat
701 3461 842 3530 Milonius,
854 3471 885 3517 ut
897 3464 983 3518 semel
995 3463 1050 3517 icto
1173 3498 1197 3532 2,
