2792 4168
589 439 722 482 HORATII
748 439 921 482 CARMINUM

489 571 515 622 N
519 569 657 639 ostrisque
669 569 785 622 ductum
799 566 984 621 seditionibus

489 652 600 706 Bellum
612 651 724 706 resedit.
763 650 893 704 Protinus
905 658 933 704 et
945 667 1044 718 graves

524 737 593 803 Iras‚
606 745 634 789 et
647 735 768 788 invisum
783 743 923 803 nepotem,

557 818 660 872 Troica
672 834 756 888 quem
769 817 876 887 peperit
889 816 1028 884 sacerdos,

489 975 575 1029 Marti
588 975 739 1029 redonabo.
779 975 863 1028 lllum
875 991 927 1043 ego
940 973 1046 1028 lucidas

488 1059 564 1112 Inire
577 1058 666 1125 sedeS,
680 1057 781 1112 ducere
793 1057 914 1110 nectaris

522 1143 637 1209 SuccoS,
650 1150 678 1194 et
691 1140 813 1194 adscribi
827 1139 927 1210 quietis

557 1224 710 1279 Ordinibus
723 1223 814 1293 patiar
826 1222 949 1276 deorum.

488 1385 564 1436 Dum
577 1382 677 1450 longus
689 1380 762 1433 inter
774 1379 880 1433 saeviat
895 1379 967 1432 Ilion

487 1467 663 1535 Romamque
675 1472 786 1533 pontus,
801 1462 925 1532 qualibet
938 1462 1046 1515 exsules

524 1550 559 1601 ln
571 1557 650 1617 parte
662 1554 798 1615 regnanto
810 1545 885 1598 beati
895 1565 903 1606 ;

558 1633 634 1683 Dum
648 1628 752 1682 Priami
767 1627 930 1698 Paridisque
941 1626 1025 1680 busto

487 1788 605 1840 Insultet
618 1794 784 1851 armentum,
797 1794 824 1838 et
838 1785 945 1838 catulos
958 1783 1032 1837 ferae

488 1871 585 1924 Celent
598 1870 711 1936 inultae,
724 1877 778 1923 stet
793 1867 962 1938 Capitolium

523 1953 653 2022 Fulgens‚
666 1951 899 2022 triumphatisque
912 1951 1001 2019 possit

557 2035 650 2088 Roma
662 2033 737 2088 ferox
750 2034 817 2087 dare
826 2033 891 2103 jura
904 2033 1004 2086 Medis.

487 2192 637 2246 Horrenda
649 2193 704 2247 late
717 2210 820 2247 nomen
833 2194 862 2246 in
875 2193 987 2247 ultimas

486 2275 628 2328 Extendat
641 2292 704 2329 oras
716 2296 723 2341 3
742 2294 798 2347 qua
809 2277 918 2331 medius
930 2277 1021 2347 liquor

521 2359 647 2412 Secernit
662 2361 793 2428 Europen
806 2361 842 2413 ab
855 2359 932 2427 Afro,

558 2442 621 2510 Qua
633 2442 756 2496 tumidus
770 2443 842 2512 rigat
855 2460 922 2496 arva
937 2443 1035 2497 Nilus:

485 2598 592 2651 Aurum
605 2597 776 2667 irrepertum,
789 2607 817 2651 et
830 2599 870 2652 sic
883 2599 981 2652 melius
995 2600 1079 2653 situm

487 2681 557 2734 Cum
570 2689 644 2732 terra
656 2681 736 2748 celat,
750 2697 879 2750 spernere
892 2681 989 2735 fortior

523 2762 616 2830 Quam
628 2779 728 2831 cogere
740 2763 879 2816 humanos
892 2763 921 2816 in
934 2781 1001 2818 usus

556 2846 647 2899 Omne
661 2861 772 2898 sacrum
785 2846 910 2915 rapiente
923 2846 1027 2900 dextra.

486 2991 651 3060 Quicunque
663 2990 770 3044 mundo
783 2992 918 3046 terminus
931 2993 1048 3059 obstitit,

485 3074 569 3126 Hunc
582 3082 678 3141 tanget
692 3074 785 3141 armis,
798 3074 887 3128 visere
900 3074 1023 3144 gestiens

520 3156 583 3224 Qua
595 3165 674 3224 parte
687 3156 895 3211 debacchentur
907 3158 994 3226 ignes,

556 3238 619 3306 Qua
632 3239 751 3292 nebulae
763 3239 904 3309 pluviique
916 3255 998 3292 rores.

483 3381 539 3436 Sed
552 3383 692 3436 bellicosis
705 3383 763 3437 fata
777 3385 932 3454 Quiritibus

483 3466 546 3520 Hac
558 3466 619 3534 lege
633 3465 705 3532 dico,
718 3483 753 3520 ne
766 3467 883 3520 nimium
896 3467 943 3536 pii,
