<?xml version="1.0" encoding="UTF-8"?>
<!DOCTYPE html PUBLIC "-//W3C//DTD XHTML 1.0 Transitional//EN"
    "http://www.w3.org/TR/xhtml1/DTD/xhtml1-transitional.dtd">
<html xmlns="http://www.w3.org/1999/xhtml" xml:lang="en" lang="en">
 <head>
  <title>
</title>
<meta http-equiv="Content-Type" content="text/html;charset=utf-8" />
  <meta name='ocr-system' content='tesseract 3.04.00' />
  <meta name='ocr-capabilities' content='ocr_page ocr_carea ocr_par ocr_line ocrx_word'/>
</head>
<body>
  <div class='ocr_page' id='page_1' title='image "./quintihoratiifl00milmgoog_0186.png"; bbox 0 0 2804 4176; ppageno 0'>
   <div class='ocr_carea' id='block_1_1' title="bbox 462 442 1071 517">
    <p class='ocr_par' dir='ltr' id='par_1_1' title="bbox 462 442 1071 517">
     <span class='ocr_line' id='line_1_1' title="bbox 462 442 1071 517; baseline -0.003 -17"><span class='ocrx_word' id='word_1_1' title='bbox 462 458 562 500; x_wconf 75' lang='lat' dir='ltr'>traua.</span> <span class='ocrx_word' id='word_1_2' title='bbox 608 458 739 501; x_wconf 77' lang='lat' dir='ltr'>cnnuuu</span> <span class='ocrx_word' id='word_1_3' title='bbox 761 457 836 500; x_wconf 81' lang='lat' dir='ltr'>xvir.</span> <span class='ocrx_word' id='word_1_4' title='bbox 1015 442 1071 517; x_wconf 88' lang='lat'>163</span> 
     </span>
    </p>
   </div>
   <div class='ocr_carea' id='block_1_2' title="bbox 246 573 1070 3552">
    <p class='ocr_par' dir='ltr' id='par_1_2' title="bbox 287 573 878 641">
     <span class='ocr_line' id='line_1_2' title="bbox 287 573 878 641; baseline -0.005 0"><span class='ocrx_word' id='word_1_5' title='bbox 287 610 290 616; x_wconf 63' lang='lat'><strong><em>¹</em></strong></span> <span class='ocrx_word' id='word_1_6' title='bbox 331 587 445 641; x_wconf 90' lang='lat' dir='ltr'>Unxere</span> <span class='ocrx_word' id='word_1_7' title='bbox 456 596 561 640; x_wconf 89' lang='lat' dir='ltr'>matres</span> <span class='ocrx_word' id='word_1_8' title='bbox 576 573 644 639; x_wconf 84' lang='lat' dir='ltr'>Iliae</span> <span class='ocrx_word' id='word_1_9' title='bbox 657 585 801 640; x_wconf 92' lang='lat' dir='ltr'>addictum</span> <span class='ocrx_word' id='word_1_10' title='bbox 813 585 878 640; x_wconf 86' lang='lat' dir='ltr'>feris</span> 
     </span>
    </p>

    <p class='ocr_par' dir='ltr' id='par_1_3' title="bbox 329 669 1070 740">
     <span class='ocr_line' id='line_1_3' title="bbox 329 669 1070 740; baseline -0.001 -16"><span class='ocrx_word' id='word_1_11' title='bbox 329 670 451 725; x_wconf 90' lang='lat' dir='ltr'>Alitibus</span> <span class='ocrx_word' id='word_1_12' title='bbox 464 678 548 740; x_wconf 93' lang='lat' dir='ltr'>atque</span> <span class='ocrx_word' id='word_1_13' title='bbox 560 669 676 723; x_wconf 87' lang='lat' dir='ltr'>canibus</span> <span class='ocrx_word' id='word_1_14' title='bbox 689 669 860 723; x_wconf 87' lang='lat' dir='ltr'>homicidam</span> <span class='ocrx_word' id='word_1_15' title='bbox 874 670 1035 736; x_wconf 90' lang='lat' dir='ltr'>Hectorem,</span> <span class='ocrx_word' id='word_1_16' title='bbox 1068 681 1070 686; x_wconf 87' lang='grc'><strong>’</strong></span> 
     </span>
    </p>

    <p class='ocr_par' dir='ltr' id='par_1_4' title="bbox 331 752 951 823">
     <span class='ocr_line' id='line_1_4' title="bbox 331 752 951 823; baseline -0.002 -17"><span class='ocrx_word' id='word_1_17' title='bbox 331 754 484 823; x_wconf 91' lang='lat' dir='ltr'>Postquam</span> <span class='ocrx_word' id='word_1_18' title='bbox 497 752 601 806; x_wconf 87' lang='lat' dir='ltr'>relictis</span> <span class='ocrx_word' id='word_1_19' title='bbox 614 752 761 806; x_wconf 91' lang='lat' dir='ltr'>moenibus</span> <span class='ocrx_word' id='word_1_20' title='bbox 773 769 820 806; x_wconf 88' lang='lat' dir='ltr'>rex</span> <span class='ocrx_word' id='word_1_21' title='bbox 832 752 951 821; x_wconf 89' lang='lat' dir='ltr'><strong>procidit</strong></span> 
     </span>
    </p>

    <p class='ocr_par' dir='ltr' id='par_1_5' title="bbox 331 834 873 904">
     <span class='ocr_line' id='line_1_5' title="bbox 331 834 873 904; baseline -0.004 -15"><span class='ocrx_word' id='word_1_22' title='bbox 331 837 396 889; x_wconf 89' lang='lat' dir='ltr'>Heu</span> <span class='ocrx_word' id='word_1_23' title='bbox 409 835 561 904; x_wconf 85' lang='lat' dir='ltr'>pervicacis</span> <span class='ocrx_word' id='word_1_24' title='bbox 574 837 580 888; x_wconf 86' lang='lat' dir='ltr'>l</span> <span class='ocrx_word' id='word_1_25' title='bbox 600 835 636 888; x_wconf 91' lang='lat' dir='ltr'>ad</span> <span class='ocrx_word' id='word_1_26' title='bbox 648 834 734 904; x_wconf 90' lang='lat' dir='ltr'>pedes</span> <span class='ocrx_word' id='word_1_27' title='bbox 747 835 873 888; x_wconf 90' lang='lat' dir='ltr'>Achillei.</span> 
     </span>
    </p>

    <p class='ocr_par' dir='ltr' id='par_1_6' title="bbox 330 917 762 987">
     <span class='ocr_line' id='line_1_6' title="bbox 330 917 762 987; baseline -0.005 -15"><span class='ocrx_word' id='word_1_28' title='bbox 330 919 431 972; x_wconf 91' lang='lat' dir='ltr'>Setosa</span> <span class='ocrx_word' id='word_1_29' title='bbox 443 918 519 972; x_wconf 91' lang='lat' dir='ltr'>duris</span> <span class='ocrx_word' id='word_1_30' title='bbox 533 934 631 972; x_wconf 88' lang='lat' dir='ltr'>exuere</span> <span class='ocrx_word' id='word_1_31' title='bbox 643 917 762 987; x_wconf 93' lang='lat' dir='ltr'>pellibus</span> 
     </span>
    </p>

    <p class='ocr_par' dir='ltr' id='par_1_7' title="bbox 331 1000 725 1069">
     <span class='ocr_line' id='line_1_7' title="bbox 331 1000 725 1069; baseline -0.003 -15"><span class='ocrx_word' id='word_1_32' title='bbox 331 1001 475 1055; x_wconf 90' lang='lat' dir='ltr'>Laboriosi</span> <span class='ocrx_word' id='word_1_33' title='bbox 488 1001 608 1069; x_wconf 85' lang='lat' dir='ltr'>remiges</span> <span class='ocrx_word' id='word_1_34' title='bbox 622 1000 725 1068; x_wconf 86' lang='lat' dir='ltr'>Ulixei,</span> 
     </span>
    </p>

    <p class='ocr_par' dir='ltr' id='par_1_8' title="bbox 329 1083 1022 1151">
     <span class='ocr_line' id='line_1_8' title="bbox 329 1083 1022 1151; baseline 0 -13"><span class='ocrx_word' id='word_1_35' title='bbox 329 1085 448 1139; x_wconf 91' lang='lat' dir='ltr'>Volente</span> <span class='ocrx_word' id='word_1_36' title='bbox 463 1084 550 1151; x_wconf 87' lang='lat' dir='ltr'>Circe,</span> <span class='ocrx_word' id='word_1_37' title='bbox 563 1083 708 1148; x_wconf 90' lang='lat' dir='ltr'>membra;</span> <span class='ocrx_word' id='word_1_38' title='bbox 727 1090 793 1136; x_wconf 90' lang='lat' dir='ltr'>tunc</span> <span class='ocrx_word' id='word_1_39' title='bbox 805 1099 885 1137; x_wconf 92' lang='lat' dir='ltr'>mens</span> <span class='ocrx_word' id='word_1_40' title='bbox 898 1093 926 1138; x_wconf 92' lang='lat' dir='ltr'>et</span> <span class='ocrx_word' id='word_1_41' title='bbox 938 1100 1022 1138; x_wconf 91' lang='lat' dir='ltr'>sonus</span> 
     </span>
    </p>

    <p class='ocr_par' dir='ltr' id='par_1_9' title="bbox 330 1165 933 1237">
     <span class='ocr_line' id='line_1_9' title="bbox 330 1165 933 1237; baseline -0.002 -18"><span class='ocrx_word' id='word_1_42' title='bbox 330 1167 468 1235; x_wconf 92' lang='lat' dir='ltr'>Relapsus</span> <span class='ocrx_word' id='word_1_43' title='bbox 481 1174 564 1237; x_wconf 87' lang='lat' dir='ltr'>atque</span> <span class='ocrx_word' id='word_1_44' title='bbox 576 1175 660 1220; x_wconf 91' lang='lat' dir='ltr'>notus</span> <span class='ocrx_word' id='word_1_45' title='bbox 673 1165 702 1218; x_wconf 91' lang='lat' dir='ltr'>in</span> <span class='ocrx_word' id='word_1_46' title='bbox 714 1166 806 1219; x_wconf 92' lang='lat' dir='ltr'>voltus</span> <span class='ocrx_word' id='word_1_47' title='bbox 818 1165 915 1220; x_wconf 87' lang='lat' dir='ltr'>honor.</span> <span class='ocrx_word' id='word_1_48' title='bbox 931 1185 933 1192; x_wconf 94' lang='lat'>·</span> 
     </span>
    </p>

    <p class='ocr_par' dir='ltr' id='par_1_10' title="bbox 331 1247 874 1319">
     <span class='ocr_line' id='line_1_10' title="bbox 331 1247 874 1319; baseline -0.002 -18"><span class='ocrx_word' id='word_1_49' title='bbox 331 1248 404 1302; x_wconf 88' lang='lat' dir='ltr'>Dedi</span> <span class='ocrx_word' id='word_1_50' title='bbox 417 1248 484 1302; x_wconf 91' lang='lat' dir='ltr'>satis</span> <span class='ocrx_word' id='word_1_51' title='bbox 498 1264 635 1319; x_wconf 91' lang='lat' dir='ltr'>superque</span> <span class='ocrx_word' id='word_1_52' title='bbox 647 1263 801 1316; x_wconf 88' lang='lat' dir='ltr'>poenarum</span> <span class='ocrx_word' id='word_1_53' title='bbox 814 1247 874 1314; x_wconf 90' lang='lat' dir='ltr'>tibi,</span> 
     </span>
    </p>

    <p class='ocr_par' dir='ltr' id='par_1_11' title="bbox 328 1329 903 1385">
     <span class='ocr_line' id='line_1_11' title="bbox 328 1329 903 1385; baseline 0.002 -2"><span class='ocrx_word' id='word_1_54' title='bbox 328 1331 433 1384; x_wconf 87' lang='lat' dir='ltr'>Amata</span> <span class='ocrx_word' id='word_1_55' title='bbox 444 1330 537 1384; x_wconf 90' lang='lat' dir='ltr'>nautis</span> <span class='ocrx_word' id='word_1_56' title='bbox 550 1330 670 1384; x_wconf 90' lang='lat' dir='ltr'>multum</span> <span class='ocrx_word' id='word_1_57' title='bbox 682 1338 710 1382; x_wconf 89' lang='lat' dir='ltr'>et</span> <span class='ocrx_word' id='word_1_58' title='bbox 722 1329 903 1385; x_wconf 81' lang='lat' dir='ltr'>institoribus</span> 
     </span>
    </p>

    <p class='ocr_par' dir='ltr' id='par_1_12' title="bbox 329 1412 875 1483">
     <span class='ocr_line' id='line_1_12' title="bbox 329 1412 875 1483; baseline -0.005 -16"><span class='ocrx_word' id='word_1_59' title='bbox 329 1412 412 1482; x_wconf 87' lang='lat' dir='ltr'>Fugit</span> <span class='ocrx_word' id='word_1_60' title='bbox 422 1413 560 1483; x_wconf 86' lang='lat' dir='ltr'>juventas,</span> <span class='ocrx_word' id='word_1_61' title='bbox 574 1420 601 1466; x_wconf 94' lang='lat' dir='ltr'>et</span> <span class='ocrx_word' id='word_1_62' title='bbox 613 1412 786 1466; x_wconf 88' lang='lat' dir='ltr'>verecundus</span> <span class='ocrx_word' id='word_1_63' title='bbox 799 1413 875 1466; x_wconf 92' lang='lat' dir='ltr'>color</span> 
     </span>
    </p>

    <p class='ocr_par' dir='ltr' id='par_1_13' title="bbox 329 1494 850 1565">
     <span class='ocr_line' id='line_1_13' title="bbox 329 1494 850 1565; baseline 0 -17"><span class='ocrx_word' id='word_1_64' title='bbox 329 1494 452 1565; x_wconf 89' lang='lat' dir='ltr'>Reliquit</span> <span class='ocrx_word' id='word_1_65' title='bbox 465 1512 530 1548; x_wconf 87' lang='lat' dir='ltr'>ossa</span> <span class='ocrx_word' id='word_1_66' title='bbox 542 1494 614 1564; x_wconf 92' lang='lat' dir='ltr'>pelle</span> <span class='ocrx_word' id='word_1_67' title='bbox 627 1495 731 1548; x_wconf 90' lang='lat' dir='ltr'>amicta</span> <span class='ocrx_word' id='word_1_68' title='bbox 742 1494 833 1548; x_wconf 90' lang='lat' dir='ltr'>lurida</span> <span class='ocrx_word' id='word_1_69' title='bbox 844 1514 850 1559; x_wconf 88' lang='lat'>;</span> 
     </span>
    </p>

    <p class='ocr_par' dir='ltr' id='par_1_14' title="bbox 327 1576 838 1647">
     <span class='ocr_line' id='line_1_14' title="bbox 327 1576 838 1647; baseline 0 -17"><span class='ocrx_word' id='word_1_70' title='bbox 327 1577 396 1631; x_wconf 91' lang='lat' dir='ltr'>Tuis</span> <span class='ocrx_word' id='word_1_71' title='bbox 410 1577 526 1647; x_wconf 86' lang='lat' dir='ltr'>capillus</span> <span class='ocrx_word' id='word_1_72' title='bbox 539 1577 619 1631; x_wconf 92' lang='lat' dir='ltr'>albus</span> <span class='ocrx_word' id='word_1_73' title='bbox 633 1586 675 1632; x_wconf 92' lang='lat' dir='ltr'>est</span> <span class='ocrx_word' id='word_1_74' title='bbox 686 1576 820 1631; x_wconf 92' lang='lat' dir='ltr'>odoribus</span> <span class='ocrx_word' id='word_1_75' title='bbox 831 1596 838 1641; x_wconf 91' lang='lat'>;</span> 
     </span>
    </p>

    <p class='ocr_par' dir='ltr' id='par_1_15' title="bbox 328 1660 906 1715">
     <span class='ocr_line' id='line_1_15' title="bbox 328 1660 906 1715; baseline 0.002 -2"><span class='ocrx_word' id='word_1_76' title='bbox 328 1661 446 1714; x_wconf 90' lang='lat' dir='ltr'>Nullum</span> <span class='ocrx_word' id='word_1_77' title='bbox 458 1661 494 1715; x_wconf 94' lang='lat' dir='ltr'>ab</span> <span class='ocrx_word' id='word_1_78' title='bbox 507 1661 603 1715; x_wconf 90' lang='lat' dir='ltr'>labore</span> <span class='ocrx_word' id='word_1_79' title='bbox 615 1677 661 1714; x_wconf 90' lang='lat' dir='ltr'>me</span> <span class='ocrx_word' id='word_1_80' title='bbox 673 1660 790 1714; x_wconf 87' lang='lat' dir='ltr'>reclinat</span> <span class='ocrx_word' id='word_1_81' title='bbox 801 1660 906 1714; x_wconf 90' lang='lat' dir='ltr'>otium:</span> 
     </span>
    </p>

    <p class='ocr_par' dir='ltr' id='par_1_16' title="bbox 328 1743 985 1814">
     <span class='ocr_line' id='line_1_16' title="bbox 328 1743 985 1814; baseline 0.003 -17"><span class='ocrx_word' id='word_1_82' title='bbox 328 1743 418 1812; x_wconf 88' lang='lat' dir='ltr'>Urget</span> <span class='ocrx_word' id='word_1_83' title='bbox 429 1743 505 1798; x_wconf 89' lang='lat' dir='ltr'>diem</span> <span class='ocrx_word' id='word_1_84' title='bbox 518 1761 581 1811; x_wconf 88' lang='lat' dir='ltr'>nox,</span> <span class='ocrx_word' id='word_1_85' title='bbox 595 1753 622 1798; x_wconf 89' lang='lat' dir='ltr'>et</span> <span class='ocrx_word' id='word_1_86' title='bbox 635 1743 695 1798; x_wconf 92' lang='lat' dir='ltr'>dies</span> <span class='ocrx_word' id='word_1_87' title='bbox 708 1753 829 1811; x_wconf 85' lang='lat' dir='ltr'>noctem,</span> <span class='ocrx_word' id='word_1_88' title='bbox 841 1760 932 1814; x_wconf 90' lang='lat' dir='ltr'>neque</span> <span class='ocrx_word' id='word_1_89' title='bbox 943 1754 985 1799; x_wconf 93' lang='lat' dir='ltr'>est</span> 
     </span>
    </p>

    <p class='ocr_par' dir='ltr' id='par_1_17' title="bbox 327 1825 818 1896">
     <span class='ocr_line' id='line_1_17' title="bbox 327 1825 818 1896; baseline 0 -16"><span class='ocrx_word' id='word_1_90' title='bbox 327 1827 433 1880; x_wconf 89' lang='lat' dir='ltr'>Levare</span> <span class='ocrx_word' id='word_1_91' title='bbox 446 1835 524 1881; x_wconf 88' lang='lat' dir='ltr'>tenta</span> <span class='ocrx_word' id='word_1_92' title='bbox 536 1826 635 1896; x_wconf 91' lang='lat' dir='ltr'>spiritu</span> <span class='ocrx_word' id='word_1_93' title='bbox 647 1825 818 1895; x_wconf 81' lang='lat' dir='ltr'>praecordia.</span> 
     </span>
    </p>

    <p class='ocr_par' dir='ltr' id='par_1_18' title="bbox 328 1907 931 1978">
     <span class='ocr_line' id='line_1_18' title="bbox 328 1907 931 1978; baseline 0.003 -18"><span class='ocrx_word' id='word_1_94' title='bbox 328 1908 404 1978; x_wconf 91' lang='lat' dir='ltr'>Ergo</span> <span class='ocrx_word' id='word_1_95' title='bbox 416 1918 549 1978; x_wconf 90' lang='lat' dir='ltr'>negatum</span> <span class='ocrx_word' id='word_1_96' title='bbox 561 1909 659 1962; x_wconf 91' lang='lat' dir='ltr'>vincor</span> <span class='ocrx_word' id='word_1_97' title='bbox 670 1918 701 1962; x_wconf 92' lang='lat' dir='ltr'>ut</span> <span class='ocrx_word' id='word_1_98' title='bbox 713 1909 826 1963; x_wconf 89' lang='lat' dir='ltr'>credam</span> <span class='ocrx_word' id='word_1_99' title='bbox 838 1907 931 1977; x_wconf 91' lang='lat' dir='ltr'>miser,</span> 
     </span>
    </p>

    <p class='ocr_par' dir='ltr' id='par_1_19' title="bbox 327 1991 851 2061">
     <span class='ocr_line' id='line_1_19' title="bbox 327 1991 851 2061; baseline 0.002 -17"><span class='ocrx_word' id='word_1_100' title='bbox 327 1991 440 2044; x_wconf 89' lang='lat' dir='ltr'>Sabella</span> <span class='ocrx_word' id='word_1_101' title='bbox 451 2000 548 2061; x_wconf 91' lang='lat' dir='ltr'>pectus</span> <span class='ocrx_word' id='word_1_102' title='bbox 562 1992 705 2060; x_wconf 88' lang='lat' dir='ltr'>increpare</span> <span class='ocrx_word' id='word_1_103' title='bbox 717 1991 851 2058; x_wconf 87' lang='lat' dir='ltr'>carmina,</span> 
     </span>
    </p>

    <p class='ocr_par' dir='ltr' id='par_1_20' title="bbox 328 2074 817 2143">
     <span class='ocr_line' id='line_1_20' title="bbox 328 2074 817 2143; baseline 0 -16"><span class='ocrx_word' id='word_1_104' title='bbox 328 2075 473 2143; x_wconf 89' lang='lat' dir='ltr'>Caputque</span> <span class='ocrx_word' id='word_1_105' title='bbox 487 2075 583 2127; x_wconf 90' lang='lat' dir='ltr'>Marsa</span> <span class='ocrx_word' id='word_1_106' title='bbox 595 2074 714 2129; x_wconf 89' lang='lat' dir='ltr'>dissilire</span> <span class='ocrx_word' id='word_1_107' title='bbox 727 2074 817 2128; x_wconf 81' lang='lat' dir='ltr'>nenia</span> 
     </span>
    </p>

    <p class='ocr_par' dir='ltr' id='par_1_21' title="bbox 328 2155 1031 2226">
     <span class='ocr_line' id='line_1_21' title="bbox 328 2155 1031 2226; baseline 0.009 -18"><span class='ocrx_word' id='word_1_108' title='bbox 328 2155 403 2225; x_wconf 83' lang='lat' dir='ltr'>Quid</span> <span class='ocrx_word' id='word_1_109' title='bbox 415 2156 535 2224; x_wconf 89' lang='lat' dir='ltr'>amplius</span> <span class='ocrx_word' id='word_1_110' title='bbox 547 2157 608 2211; x_wconf 86' lang='lat' dir='ltr'>vis?</span> <span class='ocrx_word' id='word_1_111' title='bbox 646 2158 671 2210; x_wconf 93' lang='grc' dir='ltr'><strong>Ο</strong></span> <span class='ocrx_word' id='word_1_112' title='bbox 684 2173 761 2212; x_wconf 90' lang='lat' dir='ltr'>mare</span> <span class='ocrx_word' id='word_1_113' title='bbox 773 2160 779 2211; x_wconf 84' lang='lat' dir='ltr'>l</span> <span class='ocrx_word' id='word_1_114' title='bbox 799 2173 816 2211; x_wconf 93' lang='lat' dir='ltr'>o</span> <span class='ocrx_word' id='word_1_115' title='bbox 828 2160 919 2212; x_wconf 89' lang='lat' dir='ltr'>terra!</span> <span class='ocrx_word' id='word_1_116' title='bbox 939 2159 1031 2226; x_wconf 93' lang='lat' dir='ltr'>ardeo,</span> 
     </span>
    </p>

    <p class='ocr_par' dir='ltr' id='par_1_22' title="bbox 327 2238 950 2388">
     <span class='ocr_line' id='line_1_22' title="bbox 327 2238 950 2309; baseline 0.006 -19"><span class='ocrx_word' id='word_1_117' title='bbox 327 2238 472 2306; x_wconf 85' lang='lat' dir='ltr'>Quantum</span> <span class='ocrx_word' id='word_1_118' title='bbox 483 2254 573 2309; x_wconf 93' lang='lat' dir='ltr'>neque</span> <span class='ocrx_word' id='word_1_119' title='bbox 586 2247 647 2292; x_wconf 87' lang='lat' dir='ltr'>atro</span> <span class='ocrx_word' id='word_1_120' title='bbox 660 2238 799 2293; x_wconf 87' lang='lat' dir='ltr'>delibutus</span> <span class='ocrx_word' id='word_1_121' title='bbox 814 2241 950 2294; x_wconf 86' lang='lat' dir='ltr'>Hercules</span> 
     </span>
     <span class='ocr_line' id='line_1_23' title="bbox 327 2320 831 2388; baseline 0.006 -14"><span class='ocrx_word' id='word_1_122' title='bbox 327 2320 412 2374; x_wconf 91' lang='lat' dir='ltr'>Nessi</span> <span class='ocrx_word' id='word_1_123' title='bbox 424 2337 530 2388; x_wconf 88' lang='lat' dir='ltr'>cruore,</span> <span class='ocrx_word' id='word_1_124' title='bbox 542 2337 595 2375; x_wconf 90' lang='lat' dir='ltr'>nec</span> <span class='ocrx_word' id='word_1_125' title='bbox 608 2321 713 2375; x_wconf 90' lang='lat' dir='ltr'>Sicana</span> <span class='ocrx_word' id='word_1_126' title='bbox 724 2321 831 2377; x_wconf 84' lang='lat' dir='ltr'>fervida</span> 
     </span>
    </p>

    <p class='ocr_par' dir='ltr' id='par_1_23' title="bbox 246 2382 988 2471">
     <span class='ocr_line' id='line_1_24' title="bbox 246 2382 988 2471; baseline 0.007 -16"><span class='ocrx_word' id='word_1_127' title='bbox 246 2382 258 2406; x_wconf 71' lang='lat'><em>⁶</em></span> <span class='ocrx_word' id='word_1_128' title='bbox 326 2404 433 2458; x_wconf 87' lang='lat' dir='ltr'>Furens</span> <span class='ocrx_word' id='word_1_129' title='bbox 446 2403 476 2456; x_wconf 91' lang='lat' dir='ltr'>in</span> <span class='ocrx_word' id='word_1_130' title='bbox 488 2405 580 2457; x_wconf 86' lang='lat' dir='ltr'>Aetna</span> <span class='ocrx_word' id='word_1_131' title='bbox 592 2404 713 2457; x_wconf 85' lang='lat' dir='ltr'>flamma</span> <span class='ocrx_word' id='word_1_132' title='bbox 750 2405 803 2471; x_wconf 90' lang='lat' dir='ltr'>Tu,</span> <span class='ocrx_word' id='word_1_133' title='bbox 816 2403 905 2459; x_wconf 88' lang='lat' dir='ltr'>donec</span> <span class='ocrx_word' id='word_1_134' title='bbox 918 2405 988 2460; x_wconf 88' lang='lat' dir='ltr'>cinis</span> 
     </span>
    </p>

    <p class='ocr_par' dir='ltr' id='par_1_24' title="bbox 327 2485 774 2556">
     <span class='ocr_line' id='line_1_25' title="bbox 327 2485 774 2556; baseline -0.002 -16"><span class='ocrx_word' id='word_1_135' title='bbox 327 2486 472 2556; x_wconf 87' lang='lat' dir='ltr'>Injuriosis</span> <span class='ocrx_word' id='word_1_136' title='bbox 484 2486 579 2540; x_wconf 86' lang='lat' dir='ltr'>aridus</span> <span class='ocrx_word' id='word_1_137' title='bbox 591 2486 681 2540; x_wconf 89' lang='lat' dir='ltr'>ventis</span> <span class='ocrx_word' id='word_1_138' title='bbox 694 2485 774 2553; x_wconf 88' lang='lat' dir='ltr'>ferar,</span> 
     </span>
    </p>

    <p class='ocr_par' dir='ltr' id='par_1_25' title="bbox 326 2567 819 2625">
     <span class='ocr_line' id='line_1_26' title="bbox 326 2567 819 2625; baseline 0.002 -1"><span class='ocrx_word' id='word_1_139' title='bbox 326 2570 408 2624; x_wconf 89' lang='lat' dir='ltr'>Cales</span> <span class='ocrx_word' id='word_1_140' title='bbox 420 2569 535 2623; x_wconf 90' lang='lat' dir='ltr'>venenis</span> <span class='ocrx_word' id='word_1_141' title='bbox 548 2567 659 2622; x_wconf 89' lang='lat' dir='ltr'>officina</span> <span class='ocrx_word' id='word_1_142' title='bbox 673 2567 819 2625; x_wconf 88' lang='lat' dir='ltr'>Colchicis.</span> 
     </span>
    </p>

    <p class='ocr_par' dir='ltr' id='par_1_26' title="bbox 326 2651 1020 2723">
     <span class='ocr_line' id='line_1_27' title="bbox 326 2651 1020 2723; baseline 0.007 -18"><span class='ocrx_word' id='word_1_143' title='bbox 326 2653 406 2722; x_wconf 81' lang='lat' dir='ltr'>Quae</span> <span class='ocrx_word' id='word_1_144' title='bbox 418 2653 499 2706; x_wconf 86' lang='lat' dir='ltr'>finis?</span> <span class='ocrx_word' id='word_1_145' title='bbox 518 2660 566 2706; x_wconf 87' lang='lat' dir='ltr'>aut</span> <span class='ocrx_word' id='word_1_146' title='bbox 579 2651 654 2722; x_wconf 94' lang='lat' dir='ltr'>quod</span> <span class='ocrx_word' id='word_1_147' title='bbox 666 2668 711 2706; x_wconf 92' lang='lat' dir='ltr'>me</span> <span class='ocrx_word' id='word_1_148' title='bbox 723 2661 819 2707; x_wconf 91' lang='lat' dir='ltr'>manet</span> <span class='ocrx_word' id='word_1_149' title='bbox 832 2653 1020 2723; x_wconf 85' lang='lat' dir='ltr'>stipendium?</span> 
     </span>
    </p>

    <p class='ocr_par' dir='ltr' id='par_1_27' title="bbox 325 2735 904 2804">
     <span class='ocr_line' id='line_1_28' title="bbox 325 2735 904 2804; baseline 0.003 -15"><span class='ocrx_word' id='word_1_150' title='bbox 325 2735 435 2790; x_wconf 84' lang='lat' dir='ltr'>Effare:</span> <span class='ocrx_word' id='word_1_151' title='bbox 452 2736 546 2804; x_wconf 91' lang='lat' dir='ltr'>jussas</span> <span class='ocrx_word' id='word_1_152' title='bbox 559 2751 623 2789; x_wconf 91' lang='lat' dir='ltr'>cum</span> <span class='ocrx_word' id='word_1_153' title='bbox 635 2735 690 2789; x_wconf 87' lang='lat' dir='ltr'>fide</span> <span class='ocrx_word' id='word_1_154' title='bbox 702 2752 808 2804; x_wconf 91' lang='lat' dir='ltr'>poenas</span> <span class='ocrx_word' id='word_1_155' title='bbox 819 2737 904 2804; x_wconf 87' lang='lat' dir='ltr'>luam,</span> 
     </span>
    </p>

    <p class='ocr_par' dir='ltr' id='par_1_28' title="bbox 325 2818 810 2888">
     <span class='ocr_line' id='line_1_29' title="bbox 325 2818 810 2888; baseline 0.004 -17"><span class='ocrx_word' id='word_1_156' title='bbox 325 2819 442 2872; x_wconf 89' lang='lat' dir='ltr'>Paratus</span> <span class='ocrx_word' id='word_1_157' title='bbox 456 2818 575 2888; x_wconf 87' lang='lat' dir='ltr'>expiare,</span> <span class='ocrx_word' id='word_1_158' title='bbox 588 2835 637 2872; x_wconf 93' lang='lat' dir='ltr'>seu</span> <span class='ocrx_word' id='word_1_159' title='bbox 649 2819 810 2888; x_wconf 90' lang='lat' dir='ltr'>poposceris</span> 
     </span>
    </p>

    <p class='ocr_par' dir='ltr' id='par_1_29' title="bbox 326 2901 884 2971">
     <span class='ocr_line' id='line_1_30' title="bbox 326 2901 884 2971; baseline 0.004 -16"><span class='ocrx_word' id='word_1_160' title='bbox 326 2903 446 2955; x_wconf 87' lang='lat' dir='ltr'>Centum</span> <span class='ocrx_word' id='word_1_161' title='bbox 455 2901 598 2969; x_wconf 90' lang='lat' dir='ltr'>juvencos,</span> <span class='ocrx_word' id='word_1_162' title='bbox 612 2901 670 2954; x_wconf 92' lang='lat' dir='ltr'>sive</span> <span class='ocrx_word' id='word_1_163' title='bbox 682 2902 811 2955; x_wconf 88' lang='lat' dir='ltr'>mendaci</span> <span class='ocrx_word' id='word_1_164' title='bbox 824 2903 884 2971; x_wconf 90' lang='lat' dir='ltr'>lyra</span> 
     </span>
    </p>

    <p class='ocr_par' dir='ltr' id='par_1_30' title="bbox 323 2983 856 3054">
     <span class='ocr_line' id='line_1_31' title="bbox 323 2983 856 3054; baseline 0.004 -18"><span class='ocrx_word' id='word_1_165' title='bbox 323 2984 408 3038; x_wconf 91' lang='lat' dir='ltr'>Voles</span> <span class='ocrx_word' id='word_1_166' title='bbox 422 2983 531 3037; x_wconf 88' lang='lat' dir='ltr'>sonari:</span> <span class='ocrx_word' id='word_1_167' title='bbox 552 2992 581 3037; x_wconf 94' lang='lat' dir='ltr'>tu</span> <span class='ocrx_word' id='word_1_168' title='bbox 593 2983 704 3054; x_wconf 89' lang='lat' dir='ltr'>pudica,</span> <span class='ocrx_word' id='word_1_169' title='bbox 717 2993 747 3038; x_wconf 92' lang='lat' dir='ltr'>tu</span> <span class='ocrx_word' id='word_1_170' title='bbox 759 2985 856 3053; x_wconf 87' lang='lat' dir='ltr'>proba,</span> 
     </span>
    </p>

    <p class='ocr_par' dir='ltr' id='par_1_31' title="bbox 325 3066 847 3122">
     <span class='ocr_line' id='line_1_32' title="bbox 325 3066 847 3122; baseline 0.002 -3"><span class='ocrx_word' id='word_1_171' title='bbox 325 3066 535 3120; x_wconf 90' lang='lat' dir='ltr'>Perambulabis</span> <span class='ocrx_word' id='word_1_172' title='bbox 548 3075 624 3120; x_wconf 90' lang='lat' dir='ltr'>astra</span> <span class='ocrx_word' id='word_1_173' title='bbox 636 3067 711 3121; x_wconf 85' lang='lat' dir='ltr'>sidus</span> <span class='ocrx_word' id='word_1_174' title='bbox 724 3083 847 3122; x_wconf 91' lang='lat' dir='ltr'>aureum.</span> 
     </span>
    </p>

    <p class='ocr_par' dir='ltr' id='par_1_32' title="bbox 325 3149 940 3221">
     <span class='ocr_line' id='line_1_33' title="bbox 325 3149 940 3221; baseline 0.007 -19"><span class='ocrx_word' id='word_1_175' title='bbox 325 3149 441 3203; x_wconf 85' lang='lat' dir='ltr'>Infamis</span> <span class='ocrx_word' id='word_1_176' title='bbox 456 3150 582 3203; x_wconf 89' lang='lat' dir='ltr'>Helenae</span> <span class='ocrx_word' id='word_1_177' title='bbox 597 3150 696 3203; x_wconf 88' lang='lat' dir='ltr'>Castor</span> <span class='ocrx_word' id='word_1_178' title='bbox 707 3149 829 3204; x_wconf 79' lang='lat' dir='ltr'>offensus</span> <span class='ocrx_word' id='word_1_179' title='bbox 841 3151 940 3221; x_wconf 88' lang='lat' dir='ltr'>vicem,</span> 
     </span>
    </p>

    <p class='ocr_par' dir='ltr' id='par_1_33' title="bbox 324 3233 910 3303">
     <span class='ocr_line' id='line_1_34' title="bbox 324 3233 910 3303; baseline 0.007 -17"><span class='ocrx_word' id='word_1_180' title='bbox 324 3233 476 3302; x_wconf 89' lang='lat' dir='ltr'>Fraterque</span> <span class='ocrx_word' id='word_1_181' title='bbox 487 3233 583 3302; x_wconf 89' lang='lat' dir='ltr'>magni</span> <span class='ocrx_word' id='word_1_182' title='bbox 597 3233 728 3300; x_wconf 86' lang='lat' dir='ltr'>Castoris,</span> <span class='ocrx_word' id='word_1_183' title='bbox 741 3233 807 3287; x_wconf 91' lang='lat' dir='ltr'>victi</span> <span class='ocrx_word' id='word_1_184' title='bbox 819 3251 910 3303; x_wconf 90' lang='lat' dir='ltr'>prece,</span> 
     </span>
    </p>

    <p class='ocr_par' dir='ltr' id='par_1_34' title="bbox 323 3315 816 3385">
     <span class='ocr_line' id='line_1_35' title="bbox 323 3315 816 3385; baseline 0.006 -16"><span class='ocrx_word' id='word_1_185' title='bbox 323 3315 464 3385; x_wconf 87' lang='lat' dir='ltr'>Adempta</span> <span class='ocrx_word' id='word_1_186' title='bbox 476 3316 533 3369; x_wconf 90' lang='lat' dir='ltr'>vati</span> <span class='ocrx_word' id='word_1_187' title='bbox 546 3315 690 3370; x_wconf 90' lang='lat' dir='ltr'>reddidere</span> <span class='ocrx_word' id='word_1_188' title='bbox 703 3316 816 3372; x_wconf 88' lang='lat' dir='ltr'>lumina.</span> 
     </span>
    </p>

    <p class='ocr_par' dir='ltr' id='par_1_35' title="bbox 324 3398 906 3470">
     <span class='ocr_line' id='line_1_36' title="bbox 324 3398 906 3470; baseline 0.009 -18"><span class='ocrx_word' id='word_1_189' title='bbox 324 3398 362 3452; x_wconf 92' lang='lat' dir='ltr'>Et</span> <span class='ocrx_word' id='word_1_190' title='bbox 374 3407 404 3453; x_wconf 92' lang='lat' dir='ltr'>tu</span> <span class='ocrx_word' id='word_1_191' title='bbox 418 3399 508 3468; x_wconf 89' lang='lat' dir='ltr'>(potes</span> <span class='ocrx_word' id='word_1_192' title='bbox 521 3399 598 3469; x_wconf 82' lang='lat' dir='ltr'>nam)</span> <span class='ocrx_word' id='word_1_193' title='bbox 612 3400 688 3455; x_wconf 91' lang='lat' dir='ltr'>solve</span> <span class='ocrx_word' id='word_1_194' title='bbox 700 3417 746 3454; x_wconf 97' lang='lat' dir='ltr'>me</span> <span class='ocrx_word' id='word_1_195' title='bbox 758 3400 906 3470; x_wconf 91' lang='lat' dir='ltr'>dementia,</span> 
     </span>
    </p>

    <p class='ocr_par' dir='ltr' id='par_1_36' title="bbox 324 3482 841 3552">
     <span class='ocr_line' id='line_1_37' title="bbox 324 3482 841 3552; baseline 0.004 -15"><span class='ocrx_word' id='word_1_196' title='bbox 324 3483 350 3537; x_wconf 91' lang='lat'>0</span> <span class='ocrx_word' id='word_1_197' title='bbox 363 3498 415 3537; x_wconf 91' lang='lat' dir='ltr'>nec</span> <span class='ocrx_word' id='word_1_198' title='bbox 427 3482 551 3552; x_wconf 90' lang='lat' dir='ltr'>paternis</span> <span class='ocrx_word' id='word_1_199' title='bbox 564 3483 692 3538; x_wconf 85' lang='lat' dir='ltr'>obsoleta</span> <span class='ocrx_word' id='word_1_200' title='bbox 703 3483 841 3552; x_wconf 90' lang='lat' dir='ltr'>sordibus,</span> 
     </span>
    </p>
   </div>
   <div class='ocr_carea' id='block_1_3' title="bbox 0 0 1406 4176">
    <p class='ocr_par' dir='ltr' id='par_1_37' title="bbox 0 0 1406 4176">
     <span class='ocr_line' id='line_1_38' title="bbox 0 0 1406 4176; baseline 0 2"><span class='ocrx_word' id='word_1_201' title='bbox 0 0 1406 4176; x_wconf 95' lang='lat' dir='ltr'> </span> 
     </span>
    </p>
   </div>
  </div>
 </body>
</html>
