2804 4176
457 452 550 498 tinen
573 457 592 498 1.
638 455 786 500 emsrocx
809 457 828 498 1.
1007 456 1043 512 ²3
1050 453 1064 512 5

189 587 301 655 Quanto
314 584 421 641 devites
433 585 520 639 animi
533 585 690 655 capitisque
702 586 806 639 labore.

190 669 312 738 Impiger
324 677 462 723 extremos
475 667 564 722 curris
577 677 716 722 mercator
729 668 765 721 ad
780 667 875 734 IndoS,

188 753 241 806 Per
253 769 330 806 mare
342 752 503 822 pauperiem
515 750 632 820 fugiens,
644 767 695 820 per
708 767 783 818 saxa,
796 767 846 819 per
859 750 938 820 ignes
952 769 957 804 :

189 837 235 888 Ne
247 851 326 888 cures
339 851 380 902 ea,
394 850 465 904 quae
478 834 562 888 stulte
576 833 688 886 miraris
701 842 728 887 et
741 841 831 902 optas,

189 918 313 985 Discere,
326 926 355 972 et
366 917 471 984 audire,
484 925 512 970 et
524 915 634 970 meliori
648 915 761 971 credere
772 933 830 970 non
843 916 908 970 vis?

189 1001 259 1070 Quis
272 1001 377 1054 circum
388 1016 477 1070 pagos
490 1009 518 1054 et
531 1000 636 1054 circum
648 999 773 1068 compita
784 1016 899 1068 pugnax

189 1085 297 1153 Magna
308 1083 436 1137 coronari
448 1091 610 1137 contemnat
624 1083 765 1151 Olympia,
779 1082 823 1135 cui
837 1099 910 1151 speS,

189 1167 241 1221 Cui
254 1167 290 1221 sit
303 1166 432 1221 condicio
444 1166 533 1220 dulcis
547 1165 608 1220 sine
620 1166 733 1234 pulvere
745 1165 877 1234 palmae?

116 1293 119 1300 .
188 1251 278 1304 Vilius
291 1259 438 1321 argentum
450 1258 493 1304 est
505 1266 582 1317 auro,
597 1249 747 1303 virtutibus
761 1266 866 1303 aurum.

190 1337 215 1387 Ο
229 1334 312 1402 cives,
326 1334 409 1401 cives,
422 1333 585 1404 quaerenda
596 1333 717 1402 pecunia
728 1333 851 1402 primum
864 1341 926 1398 est;

188 1417 284 1471 Virtus
296 1426 361 1486 post
373 1433 520 1471 nummos:
540 1416 611 1470 haec
623 1417 710 1484 Janus
724 1431 850 1469 summus
863 1416 900 1469 ab
914 1415 971 1469 imo

190 1500 346 1566 Prodocet3
364 1499 434 1554 haec
447 1499 576 1554 recinunt
585 1498 703 1568 juvenes
716 1498 822 1552 dictata
835 1514 980 1568 senesque,

190 1583 283 1637 Laevo
296 1582 423 1652 suspensi
436 1583 543 1636 loculos
556 1582 740 1651 tabulamque
752 1582 864 1635 lacerto.

190 1667 243 1719 Est
255 1665 366 1720 animus
379 1665 439 1733 tibi,
453 1674 518 1719 sunt
531 1681 634 1731 mores,
647 1673 675 1718 et
687 1664 784 1733 lingua
795 1663 929 1734 fidesque,

191 1748 248 1802 Sed
261 1749 473 1819 quadringentis
486 1765 535 1802 sex
549 1756 657 1817 septem
669 1746 758 1800 millia
770 1746 889 1812 desunt3

191 1832 274 1885 Plebs
287 1831 348 1886 eris.
384 1833 423 1886 At
435 1831 514 1901 pueri
526 1830 666 1897 ludentes,
680 1831 741 1883 Rex
753 1830 816 1897 eris,
829 1829 916 1897 aiunt,

191 1914 222 1968 Si
234 1924 309 1968 recte
321 1914 415 1968 facies.
454 1914 510 1968 Hic
524 1931 621 1968 murus
635 1918 738 1967 aeneus
752 1921 821 1980 esto,

192 1997 241 2050 Nil
254 1998 379 2052 conscire
392 1997 454 2065 sibi,
467 1999 545 2052 nulla
556 1998 708 2067 pallescere
721 1997 810 2066 culpa.

192 2080 305 2148 Roscia,
318 2081 364 2135 dic
377 2081 470 2148 sodes,
484 2081 583 2134 melior
595 2081 647 2147 lex,
661 2097 697 2133 an
709 2096 858 2149 puerorum
871 2089 914 2134 est

193 2163 295 2230 Nenia,
308 2179 379 2233 quae
392 2179 510 2232 regnum
522 2172 597 2217 recte
609 2162 776 2216 facientibus
789 2163 878 2230 offert,

194 2248 232 2300 Et
244 2247 368 2300 maribus
383 2247 474 2300 Curiis
487 2255 515 2300 et
528 2247 679 2301 decantata
692 2246 840 2299 Camillis?

194 2331 259 2384 Isne
272 2329 323 2384 tibi
335 2329 436 2384 melius
449 2329 556 2396 suadet,
570 2328 626 2398 qui,
639 2345 698 2381 rem
710 2327 817 2393 sacias3
836 2345 903 2396 rem,

194 2413 225 2467 Si
237 2413 328 2481 possis
341 2421 424 2480 recte,
439 2412 462 2466 si
475 2429 541 2479 non,
554 2427 721 2481 quocunque
733 2410 818 2465 modo
830 2427 890 2464 rem
903 2431 910 2476 3

195 2497 237 2549 Ut
249 2495 364 2565 propius
377 2503 487 2564 spectes
500 2494 650 2548 lacrimosa
661 2498 794 2562 po‘e'mata
808 2493 895 2562 Pupi:

193 2579 239 2632 An
252 2578 307 2649 qui,
321 2579 463 2632 Fortunae
475 2586 503 2632 te
516 2592 682 2646 responsare
695 2577 832 2644 superbae

196 2661 328 2716 Liberum
340 2670 368 2716 et
380 2669 512 2728 erectum,
525 2675 658 2729 praesens
671 2659 798 2712 hortatur
810 2667 839 2713 et
851 2659 950 2728 aptat?

197 2744 305 2814 Quodsi
317 2760 363 2798 me
375 2745 495 2813 populus
508 2745 654 2796 Romanus
665 2742 737 2804 sorte
750 2751 837 2811 roget,
850 2758 899 2795 cur

197 2828 272 2893 Non,
285 2834 316 2880 ut
327 2825 491 2894 porticibus,
504 2825 545 2879 sic
555 2825 669 2895 judiciis
682 2825 758 2878 fruar
769 2824 860 2879 isdem
872 2843 879 2890 ;
898 2871 901 2876 r

197 2911 259 2964 Nec
272 2925 373 2979 sequar
385 2917 434 2962 aut
446 2908 561 2978 fugiam,
574 2925 645 2979 quae
658 2908 750 2977 diligit
762 2908 823 2977 ipse
835 2908 879 2961 vel
891 2907 968 2962 odit:

197 2993 272 3047 Olim
285 2991 362 3062 quod
373 2992 470 3060 volpes
484 3000 599 3062 aegroto
611 3001 695 3045 cauta
707 2991 781 3045 leoni

196 3074 362 3145 Respondit,
375 3073 511 3128 referam:
533 3074 608 3144 Quia
619 3091 665 3127 me
678 3074 797 3142 vestigia
809 3082 913 3128 terrent

197 3157 301 3212 Omnia
313 3170 341 3211 te
353 3157 502 3211 adversum
514 3157 679 3226 spectantia,
692 3157 770 3210 nulla
781 3165 940 3211 retrorsum

196 3242 452 3296 Belluamultorum
460 3256 490 3294 es
498 3240 629 3309 capitum
656 3241 683 3292 N
687 3239 808 3309 amquid
817 3240 932 3310 sequar?
943 3250 991 3295 aut
999 3242 1099 3312 quem?

197 3326 265 3378 Pars
278 3324 424 3378 hominum
436 3322 521 3393 gestit
534 3323 690 3377 conducere
701 3322 831 3392 publica:
852 3333 917 3378 sunt
929 3324 977 3395 qui

196 3407 304 3461 Crustis
317 3416 345 3461 et
356 3407 448 3476 pomis
460 3405 559 3460 viduas
571 3414 707 3460 venentur
719 3422 826 3474 avaras,

197 3490 401 3560 Excipiamque
414 3501 504 3558 senes,
517 3506 586 3559 quos
600 3489 628 3542 in
640 3488 747 3543 vivaria
758 3489 887 3545 mittant:
1048 3526 1072 3562 79
