2792 4168
603 462 734 504 HORATII
759 462 931 505 CARMINUM

448 593 630 644 Summovere
645 591 735 658 litora,

483 675 587 727 Parum
599 675 722 743 locuples
735 673 896 728 continente
907 673 975 744 ripa

449 755 543 825 Quid?
561 756 638 826 quod
649 773 738 827 usque
750 756 892 825 proximos

484 840 603 893 Revcllis
617 839 676 908 agri
690 839 833 907 tenninoS‚
845 849 873 894 et
886 842 959 894 ultra

448 973 562 1026 Limites
574 972 717 1026 clientium

483 1055 556 1108 Salis
569 1056 688 1109 avarus?
725 1055 840 1109 Pellitur
852 1065 984 1125 paternos

447 1139 481 1190 ln
494 1138 556 1192 sinu
569 1137 660 1192 serens
672 1138 741 1192 deos

483 1224 519 1275 Et
533 1239 608 1289 uxor,
621 1231 648 1276 et
660 1222 710 1289 vir,
724 1221 907 1292 sordidosque
919 1231 1008 1276 natos.

447 1357 533 1409 Nulla
545 1356 645 1410 certior
657 1365 752 1410 tamen

481 1438 604 1507 Rapacis
615 1438 681 1492 Orci
693 1437 749 1491 fine
761 1438 902 1491 destinata

445 1523 518 1574 Aula
527 1521 644 1575 divitem
655 1529 751 1574 manet

482 1606 597 1657 Herum.
637 1602 712 1672 Quid
724 1604 798 1657 ultra
809 1602 920 1656 tendis?
956 1603 1055 1673 Aequa
1067 1604 1148 1658 tellus

445 1736 563 1806 Pauperi
575 1736 726 1790 recluditur

481 1822 645 1889 Regumque
657 1819 769 1888 pueris;
787 1836 839 1873 nec
853 1820 962 1874 satelles
977 1821 1043 1874 Orci

445 1902 585 1956 Callidum
598 1902 766 1956 Promethea

481 1985 598 2039 Revexit
610 2002 679 2038 auro
691 1994 798 2055 captus.
838 1984 894 2038 Hic
908 1986 1058 2054 superbum

444 2117 605 2184 Tantalum,
618 2125 702 2187 atque
715 2117 827 2170 Tantali

480 2201 576 2253 Genus
589 2205 715 2254 coercet:
735 2199 781 2254 hic
793 2200 886 2253 levare
898 2200 1025 2255 sunctum

445 2285 599 2352 Pauperem
611 2283 754 2337 laboribus

478 2367 603 2420 Vocatus
616 2375 700 2436 atque
709 2383 766 2420 non
779 2376 895 2421 vocatus
907 2365 992 2420 audit.

593 2763 798 2816 'CARMEN
831 2763 918 2815 XIX.

650 2908 693 2948 AD
713 2906 873 2949 BACCHUM.

477 3030 635 3084 BACCHUM
649 3028 678 3081 in
690 3027 805 3082 remotis
818 3027 944 3081 carmina
955 3027 1070 3097 rupibus

476 3111 541 3163 Vidi
554 3111 702 3165 docentem
716 3111 832 3179 (credite
844 3111 959 3181 posteri)

513 3195 717 3263 Nymphasque
727 3193 876 3260 discentes,
889 3203 916 3247 et
929 3209 1010 3246 aures

528 3295 530 3300 ·
547 3275 735 3344 capripedum
749 3277 912 3344 Satyrorum
925 3284 1029 3329 acutas.

475 3411 554 3464 Euoe
566 3413 571 3463 !
590 3409 695 3464 recenti
707 3427 787 3464 mens
801 3410 922 3480 trepidat
934 3419 1020 3477 metu,

475 3493 617 3562 Plenoque
631 3493 736 3547 Bacchi
749 3502 861 3562 pectore
874 3492 1018 3547 turbidum
