2792 4168
425 427 518 470 niara
541 427 585 470 111.
633 427 763 470 eunucu
788 428 826 470 ru.
1012 413 1049 468 81

330 559 436 611 Texere
447 576 454 622 ;
472 555 573 610 mirum
587 555 663 627 quod
675 556 746 610 foret
758 555 896 622 omnibus,

330 639 496 710 Quicunque
508 640 599 693 celsae
611 638 709 692 nidum
718 639 913 705 Acherontiae,

365 723 515 792 Saltusque
528 722 673 782 Bantinos,
688 730 716 775 et
729 739 827 775 arvum

400 804 507 874 Pingue
520 813 615 858 tenent
627 803 741 858 humilis
755 805 875 871 Ferenti,

332 939 374 993 Ut
387 947 447 992 tuto
460 938 497 991 ab
509 938 577 992 atris
590 953 705 1007 corpore
717 937 819 1006 viperis

332 1021 492 1075 Dormirem
504 1030 533 1075 et
544 1020 616 1075 ursis
627 1039 634 1085 ;
653 1029 684 1074 ut
696 1037 836 1090 premerer
848 1037 928 1075 sacra

367 1105 512 1174 Lauroque
524 1104 680 1173 collataque
688 1113 788 1172 myrto,

403 1188 470 1241 Non
483 1187 543 1241 sine
557 1187 611 1242 Dis
623 1185 766 1240 animosus
780 1185 878 1240 infans.

331 1323 441 1389 Vester,
455 1321 604 1389 Camenae,
617 1330 708 1375 vester
719 1321 749 1374 in
762 1322 863 1376 arduos

332 1404 429 1458 Tollor
441 1405 571 1472 Sabinos,
585 1421 633 1458 seu
645 1403 715 1458 mihi
727 1403 858 1474 frigidum

371 1487 529 1555 Praeneste,
540 1504 588 1541 seu
601 1486 690 1541 Tibur
701 1487 841 1557 supinum,

403 1571 459 1625 Seu
471 1570 593 1642 liquidae
605 1571 734 1640 placuere
747 1570 840 1624 Baiae.

332 1702 441 1757 Vestris
454 1703 576 1758 amicum
588 1703 712 1758 sontibus
725 1713 753 1758 et
765 1704 865 1772 choris,

334 1790 401 1843 Non
413 1806 459 1843 me
473 1789 610 1860 Philippis
623 1807 703 1844 versa
715 1789 789 1844 acies
801 1800 882 1858 retro,

370 1873 482 1926 Devota
493 1889 550 1926 non
563 1872 694 1926 exstinxit
706 1873 798 1940 arbos,

404 1956 466 2010 Nec
480 1955 574 2010 Sicula
587 1956 733 2010 Palinurus
745 1956 828 2010 unda

335 2090 486 2160 Utcunque
498 2105 609 2143 mecum
620 2105 670 2143 vos
683 2089 767 2157 eritis,
780 2089 870 2144 libens

335 2171 526 2225 Insanientem
539 2171 635 2225 navita
647 2173 805 2241 Bosporum

368 2254 506 2320 Tentabo,
519 2261 546 2307 et
558 2262 669 2308 urentes
682 2270 781 2307 arenas

405 2335 506 2389 Litoris
519 2335 627 2404 Assyrii
638 2336 745 2389 viator:

335 2456 434 2511 Visam
447 2454 597 2510 Britannos
609 2455 767 2524 hospitibus
779 2455 861 2522 seros,

336 2541 374 2594 Et
386 2540 490 2594 laetum
502 2539 604 2609 equino
617 2538 752 2608 sanguine
766 2539 945 2594 Concanum:

369 2623 468 2677 Visam
480 2623 655 2693 pharetratos
669 2622 792 2676 Gelonos

407 2707 445 2760 Et
457 2705 621 2776 Scythicum
634 2704 782 2759 inviolatus
795 2721 914 2760 amnem.

336 2828 395 2881 Vos
409 2827 558 2882 Caesarem
571 2825 876 2894 altum,militiasi1nul

337 2910 440 2964 Fessas
453 2910 580 2964 cohortes
594 2908 703 2963 addidit
716 2907 834 2978 oppidis,

372 2994 395 3046 F
397 2993 466 3046 inire
478 3002 657 3063 quaerentem
669 2994 780 3046 labores

408 3075 499 3130 Pierio
511 3075 641 3130 recreatis
653 3084 742 3130 antro.

336 3198 395 3251 Vos
407 3197 469 3252 lene
481 3195 628 3251 consilium
641 3205 669 3250 et
681 3196 764 3265 datis,
777 3206 804 3252 et
816 3197 883 3251 dato

338 3279 482 3348 Gaudetis,
495 3280 594 3334 almae.
631 3279 750 3347 Scimus,
764 3289 794 3334 ut
805 3279 906 3350 impios

372 3362 489 3418 Titanas
502 3362 708 3433 immanemque
721 3372 843 3417 turmam

408 3445 536 3501 Fulmine
549 3446 691 3501 sustulerit
704 3445 819 3515 caduce,

626 3564 647 3607 G
