2792 4168
348 448 407 486 100

606 443 738 486 HORATII
759 442 932 487 CARMINUM

519 573 651 628 Demissa
662 575 814 644 tempestas
827 575 864 628 ab
878 577 953 629 Euro

554 657 673 725 Sternet,
686 674 775 728 aquae
787 658 842 712 nisi
854 657 924 713 saliit
937 675 1025 728 augur

482 779 599 832 Annosa
610 780 713 834 cornix.
751 782 828 834 Dum
840 780 922 850 potis,
935 781 1044 835 aridum

484 862 628 931 Compone
640 863 764 932 lignum:
785 880 846 917 eras
861 863 982 918 Genium
995 880 1071 918 mero

519 946 636 1000 Curabis
650 954 678 1000 et
689 963 774 1015 porco
786 946 921 1014 bimestri,

555 1030 627 1083 Cum
639 1029 750 1087 famulis
763 1046 879 1099 operum
891 1030 996 1084 solutis,

628 1761 681 1790 com
694 1760 723 1790 OF
736 1760 809 1790 AELIUS
823 1761 904 1790 LAMlA.

588 1899 777 1980 cannen
808 1901 936 1954 xviri.

664 2033 707 2074 AD
727 2032 869 2076 FAUNUM.

482 2143 505 2196 F
507 2153 603 2209 AUNE,
617 2142 815 2212 Nympharum
826 2140 983 2212 fugientum
995 2152 1112 2210 amator,

482 2226 535 2279 Per
547 2240 625 2278 meos
638 2224 708 2278 fines
721 2234 749 2278 et
761 2225 856 2293 aprica
868 2242 933 2278 rura

486 2308 570 2363 Lenis
583 2307 707 2375 incedas,
720 2308 861 2379 abeasque
873 2307 966 2378 parvis

552 2392 666 2462 Aequus
679 2390 808 2459 alumnis,

482 2512 512 2566 Si
525 2521 603 2568 tener
614 2512 698 2581 pleno
710 2510 786 2565 cadit
797 2511 905 2566 haedus
918 2528 1001 2580 anno,

482 2597 574 2664 Larga
585 2611 637 2649 nec
649 2594 751 2648 desunt
763 2594 880 2649 Veneris
893 2594 982 2648 sodali

481 2678 555 2731 Vina
567 2686 698 2744 craterae,
711 2686 791 2731 vetus
803 2694 853 2730 ara
864 2677 953 2730 multo

552 2760 654 2813 Fumat
666 2759 759 2814 odore.

482 2880 566 2935 Ludit
578 2880 698 2934 herboso
710 2896 796 2949 pecus
809 2895 892 2933 omne
904 2896 1013 2949 campo,

483 2964 555 3017 Cum
567 2962 618 3017 tibi
632 2964 734 3016 Nonae
745 2961 863 3016 redeunt
877 2963 1065 3017 Decembres:

481 3047 583 3101 Festus
596 3045 625 3098 in
637 3045 725 3114 pratis
737 3053 819 3098 vacat
832 3043 922 3099 otioso

553 3128 625 3183 Cum
637 3128 710 3182 bove
721 3144 811 3197 pagus
822 3145 827 3182 :

484 3249 560 3302 Inter
572 3248 694 3302 audaces
706 3248 788 3317 lupus
801 3256 875 3302 errat
887 3263 976 3316 agnos
989 3265 997 3311 ;

482 3330 594 3398 Spargit
607 3339 731 3400 agrestes
744 3330 796 3384 tibi
810 3329 880 3383 silva
892 3328 1004 3382 frondes
1015 3347 1023 3393 ;

482 3412 595 3467 Gaudet
607 3412 727 3466 invisam
739 3413 878 3482 pepulisse
890 3411 981 3465 fossor

551 3496 607 3549 Ter
618 3495 690 3564 pede
702 3504 815 3548 terram.
