2804 4176
463 477 556 520 nisan
579 477 598 519 1.
645 477 757 520 sarran
776 477 803 519 v.
1001 461 1056 517 181

212 603 360 659 Traditum
372 605 409 659 ab
422 605 551 699 antiquis
557 622 664 660 morem
677 621 795 674 servare,
807 614 948 677 tuamque,

212 689 289 748 Dum
301 688 462 749 custodis
438 685 514 768 eges,
525 688 613 742 vitam
626 680 794 759 famamque
798 687 868 743 tueri

212 771 386 825 Incolumem
397 787 530 840 possum:
550 771 634 825 simul
646 787 679 825 ac
692 771 832 826 durauerit
844 757 921 840 a'etas

212 853 342 924 Membra
354 853 533 924 animumque
546 849 761 947 tuum,nabis
739 870 799 928 stne
811 842 921 908 cortice.
960 853 1006 908 Sic
1016 870 1062 908 me

211 919 365 989 Formabat
376 952 493 1006 puerum
505 935 606 992 dictis:
627 945 655 990 et
668 936 726 990 sive
733 936 852 1006 jubebat

211 1018 252 1072 Ut
264 1018 383 1072 iacerem
396 1018 472 1089 quid,
486 1009 584 1073 Habes
597 1027 740 1073 auctorem
753 1035 809 1089 quo
821 1017 908 1072 iacias
920 1016 992 1083 hoc;

211 1100 309 1158 Unum
314 1118 355 1156 ex
364 1101 506 1176 judicibus
519 1102 630 1157 selectis
642 1101 809 1171 objiciebat:

210 1184 275 1238 Sive
287 1185 408 1266 vetabat,
420 1186 465 1238 Αιι
479 1185 532 1239 hoc
545 1184 724 1258 inhonestum
737 1193 764 1239 et
776 1183 874 1239 inutile
885 1183 961 1238 iactu

210 1269 321 1322 Necne
321 1259 365 1336 sit',
378 1268 535 1337 addubites,
548 1268 647 1338 flagret
659 1285 770 1322 rumore
782 1268 857 1322 malo
870 1284 935 1322 curn

210 1351 266 1404 Hic
275 1360 362 1422 atque
374 1351 437 1405 ille?
474 1351 619 1406 Avidos
592 1351 717 1406 vicinum
729 1350 812 1418 sunus
824 1359 855 1405 ut
867 1367 966 1420 aegros

209 1433 368 1502 Exanimat,
381 1434 535 1505 mortisque
546 1433 624 1489 'metu
637 1427 693 1488 sibi
703 1451 817 1504 parcere
830 1433 913 1504 cogit,

209 1517 256 1570 Sic
269 1526 380 1571 teneros
392 1517 502 1571 animos
515 1517 607 1572 aliena
618 1517 770 1588 opprobria
782 1534 866 1587 saepe

206 1600 371 1655 Absterrent
383 1600 465 1660 vitiis.
504 1602 548 1654 Ex
560 1601 614 1656 hoc
627 1617 680 1671 ego
693 1589 778 1668 sanus
790 1602 827 1656 ab
840 1600 915 1669 illis,

208 1673 364 1738 Pernic'iem
376 1701 558 1756 quaecunque
569 1684 670 1752 ferunt,
682 1683 870 1739 mediocribus
883 1693 910 1739 et
923 1684 984 1753 quis

208 1768 351 1836 Ignoscas,
364 1766 438 1822 vitiis
451 1777 548 1822 teneor
559 1787 566 1833 ;
585 1767 712 1844 fortassis
725 1777 753 1822 et
765 1762 848 1822 istin'c

208 1849 333 1919 Largiter
345 1849 491 1904 abstulerit
503 1851 588 1920 longa
600 1860 687 1918 aetas,
699 1850 769 1904 liber
781 1849 896 1917 amicus,

207 1932 361 1987 Consilium
373 1933 533 2004 proprium:
554 1950 643 2004 neque
654 1933 738 2000 enim,
747 1949 813 1987 cum
821 1932 939 2000 lectulus
949 1942 997 1987 aut
1010 1950 1055 1988 me

207 2015 335 2069 Porticus
347 2017 465 2086 excepit,
478 2016 577 2077 desum
589 2016 667 2070 mihi.
706 2015 821 2071 Rectius
833 2016 887 2070 hoc
900 2025 961 2081 est;

207 2098 271 2152 Hoc
284 2099 398 2166 faciens,
410 2099 503 2153 vivam
515 2100 618 2168 melius
626 2119 634 2165 ;
653 2099 694 2154 sic
707 2099 797 2155 dulcis
809 2099 908 2153 amicis

207 2182 379 2246 Occurram;
397 2181 451 2235 hoc
464 2181 579 2252 quidam
591 2199 648 2237 non
660 2183 750 2248 belle;
769 2182 906 2254 numquid
918 2198 970 2251 ego
982 2183 1021 2236 illi

207 2262 374 2333 Imprudens
387 2263 455 2340 olim
465 2263 568 2318 faciam
581 2265 691 2322 simile?
713 2261 716 2268 ’
729 2267 809 2338 Haec
822 2282 874 2340 ego
887 2281 997 2319 mecum

206 2345 382 2416 Compressis
395 2346 470 2415 agito
483 2346 567 2401 labris
579 2366 586 2412 ;
604 2347 652 2401 ubi
665 2347 733 2418 quid
745 2347 827 2402 datur
839 2348 889 2415 oti,

206 2430 297 2484 Illudo
310 2429 421 2483 chartis.
460 2430 525 2514 Hoc
537 2440 580 2484 est
592 2430 779 2485 mediocribus
792 2431 846 2484 illis

206 2514 250 2567 Ex
261 2513 336 2567 vitiis
349 2523 445 2596 unum,
457 2505 505 2567 cui
516 2529 539 2566 si
533 2512 706 2588 concedere
717 2513 798 2581 nolis,

206 2596 298 2651 Multa
309 2589 456 2666 poetarum
467 2595 560 2650 veniet
572 2596 681 2663 manus,
693 2585 796 2651 auxilio
808 2614 880 2667 quae

205 2677 249 2732 Sit
261 2678 329 2732 mihi
344 2679 421 2747 (narn
433 2679 521 2732 multo
533 2679 626 2748 plures
638 2679 745 2749 sumus)
759 2696 792 2734 ac
805 2680 890 2736 veluti
902 2690 930 2736 te

203 2760 301 2828 Judaei
314 2777 445 2830 cogemus
458 2760 487 2815 in
499 2762 572 2816 hanc
585 2762 738 2818 concedere
750 2763 869 2844 turpam.
1020 2801 1055 2837 143

512 2971 682 3026 SATlRA
705 2973 738 3026 V.

205 3091 374 3146 EGRESSUM
387 3107 491 3161 magna
502 3109 548 3146 me
560 3092 668 3162 excepit
680 3092 774 3147 Aricia
787 3094 880 3148 Roma

204 3175 337 3245 Hospitio
350 3175 461 3229 modico
472 3194 479 3241 ;
497 3175 591 3230 rhetor
602 3192 697 3230 comes
711 3176 889 3246 Heliodorus,

204 3258 376 3313 Graecorum
389 3258 472 3328 longe
484 3257 663 3312 doctissimus
675 3277 682 3324 ;
700 3257 766 3313 inde
779 3261 883 3315 Forum
895 3263 978 3333 Appi,

204 3340 353 3396 Differtum
365 3341 466 3409 nautis,
478 3341 652 3411 cauponibus
665 3350 750 3412 atque
762 3343 900 3414 malignis.

204 3423 269 3477 Hoc
282 3423 335 3477 iter
346 3423 440 3492 ignavi
453 3422 607 3492 divisimus,
620 3423 703 3479 altius
716 3441 749 3479 ac
762 3442 814 3480 nos

204 3506 374 3562 Praecinctis
387 3524 490 3562 unum:
510 3507 603 3566 minus
615 3516 658 3562 est
670 3507 762 3577 gravis
774 3509 868 3581 Appia
879 3511 975 3567 tardis.
1041 3535 1054 3572 ⁶
