2804 4176
458 404 551 448 LIBER
573 406 592 447 1.
639 399 792 466 EPISTOLA'
810 406 854 448 111.
1022 407 1081 464 239

496 686 720 740 EPISTOLA
752 687 814 740 ΙΙΙ.

489 829 532 870 an
550 829 669 885 JULIUM
689 828 826 892 monum.

230 951 301 1018 JULI
316 950 430 1018 FLORE,
444 949 545 1019 quibus
558 958 694 1004 terrarum
706 949 807 1004 militet
819 949 875 1002 oris

233 1032 366 1087 Claudius
379 1033 499 1102 Augusti
511 1033 663 1102 privignus,
677 1033 748 1086 scire
760 1033 865 1086 laboro.

230 1115 378 1170 Thracane
390 1133 450 1183 vos,
464 1117 632 1186 Hebrusque
644 1115 730 1169 nivali
744 1115 879 1184 compede
891 1113 1008 1176 vinctus,

229 1200 276 1252 An
288 1198 360 1253 freta
370 1198 478 1253 vicinas
491 1199 563 1253 inter
575 1198 714 1252 currentia
725 1208 822 1264 turres,

229 1283 275 1336 An
288 1282 406 1352 pingues
418 1283 504 1337 Asiae
516 1283 609 1352 campi
622 1283 762 1352 collesque
774 1281 940 1335 morantur?

231 1364 307 1433 Quid
317 1365 443 1419 studiosa
452 1367 552 1419 cohors
562 1381 679 1434 operum
689 1364 788 1418 struit?
809 1365 874 1418 Hoc
884 1380 994 1434 quoque
1004 1379 1082 1428 curo;

232 1449 302 1517 Quis
315 1448 369 1502 sibi
381 1465 425 1502 res
438 1457 532 1517 gestas
546 1447 664 1517 Augusti
677 1447 798 1501 scribere
811 1447 916 1502 sumit?

231 1531 310 1584 Bella
323 1530 384 1600 quis
397 1540 425 1585 et
437 1548 522 1601 paces
534 1531 650 1600 longum
662 1530 793 1584 diffundit
805 1531 835 1583 in
848 1531 969 1584 aevum?

231 1615 307 1683 Quid
319 1615 421 1683 Titius,
434 1616 565 1669 Romana
576 1615 654 1669 brevi
666 1623 798 1668 venturus
811 1615 840 1667 in
853 1631 910 1681 ora,

231 1697 372 1752 Pindarici
384 1697 469 1752 fontis
482 1697 529 1768 qui
542 1715 600 1751 non
612 1697 744 1767 expalluit
756 1698 882 1764 haustus,

231 1781 370 1835 Fastidire
382 1782 460 1835 lacus
473 1790 500 1834 et
512 1781 586 1834 rivos
600 1797 684 1835 ausus
697 1781 829 1850 apertos?

232 1864 273 1916 Ut
284 1863 379 1918 valet?
398 1873 429 1917 ut
441 1863 569 1917 meminit
581 1863 690 1916 nostri?
709 1862 848 1917 fidibusne
862 1863 970 1917 Latinis

231 1945 384 1998 Thebanos
397 1954 494 2015 aptare
505 1945 605 1999 rnodos
618 1945 719 2013 studet,
733 1946 846 2015 auspice
860 1947 965 2000 Musa?

230 2028 276 2080 An
289 2027 397 2096 tragica
408 2027 533 2081 desaevit
546 2037 574 2081 et
586 2029 755 2097 ampullatur
767 2029 796 2082 in
808 2029 888 2082 arte?

233 2109 308 2179 Quid
317 2109 387 2163 mihi
397 2111 494 2164 Celsus
505 2111 583 2179 agit?
601 2111 724 2164 monitus
734 2112 908 2181 multumque
917 2111 1082 2179 monenduS,

231 2192 358 2246 Privatas
371 2201 401 2246 ut
413 2202 529 2262 quaerat
541 2210 617 2262 opes,
629 2202 657 2246 et
670 2203 784 2262 tangere
796 2193 864 2247 vitet

232 2275 351 2344 Scripta,
365 2274 509 2328 Palatinus
523 2291 705 2345 quaecunque
717 2276 822 2345 recepit
834 2276 936 2345 Apollo
948 2296 955 2340 ;

233 2359 286 2425 Ne,
299 2358 324 2411 si
336 2357 407 2411 sorte
420 2374 485 2426 suas
498 2357 647 2427 repetitum
658 2359 765 2411 venerit
778 2358 846 2411 olim

232 2442 307 2495 Grex
320 2440 413 2494 avium
425 2441 545 2510 plumaS,
558 2449 669 2494 moveat
682 2440 822 2495 cornicula
833 2440 921 2495 risum

233 2523 354 2578 Furtivis
367 2524 474 2577 nudata
486 2523 633 2577 coloribus.
672 2524 737 2592 Ipse
749 2523 817 2594 quid
829 2523 936 2578 audes?

234 2609 313 2677 Quae
325 2607 532 2661 circumvolitas
545 2606 626 2675 agilis
639 2607 756 2675 thyma?
774 2623 831 2660 non
844 2607 895 2660 tibi
908 2616 1036 2676 parvum,¹

235 2690 391 2760 Ingenium,
404 2707 461 2745 non
473 2690 609 2744 incultum
622 2698 672 2758 est,
686 2699 714 2744 et
726 2691 843 2760 turpiter
854 2690 966 2744 hirtum.

232 2773 288 2828 Seu
301 2773 425 2842 linguam
437 2773 529 2827 causis
543 2773 629 2841 acuiS,
642 2790 691 2827 seu
703 2773 793 2827 civica
800 2773 865 2843 jura

233 2855 414 2926 Respondere
426 2873 518 2926 paras,
531 2873 580 2910 seu
593 2856 691 2911 condis
705 2857 826 2910 amabile
838 2873 959 2923 carmen,

233 2940 327 2993 Prima
338 2939 410 2994 seres
422 2940 543 2995 hederae
554 2940 676 2994 victricis
689 2940 830 3009 praemia:
851 2939 952 3010 quodsi

232 3022 347 3091 Frigida
359 3039 487 3077 curarum
500 3023 625 3077 fomenta
636 3023 790 3093 relinquere
801 3039 907 3092 posseS,

232 3107 295 3175 Quo
307 3115 335 3160 te
348 3105 476 3159 caelestis
489 3106 628 3176 sapientia
640 3106 762 3172 duceret,
774 3106 836 3160 ires.

233 3191 297 3243 Hoc
310 3206 389 3259 opus,
401 3189 456 3244 hoc
469 3189 592 3243 studium
604 3189 683 3258 parvi
696 3205 875 3258 properemus
887 3198 915 3243 et
927 3188 1022 3258 ampli,

232 3273 262 3327 Si
275 3273 382 3343 patriae
394 3274 531 3340 volumus,
544 3273 568 3326 si
581 3272 662 3326 nobis
674 3272 767 3325 vivere
780 3272 845 3326 cari.

232 3356 327 3411 Debes
340 3357 394 3410 hoc
407 3356 492 3410 etiam
503 3356 663 3422 rescribere,
677 3355 700 3408 si
713 3355 764 3409 tibi
777 3372 867 3423 curae,

232 3439 361 3509 Quantae
374 3439 529 3507 conveniat,
543 3439 705 3494 Munatius:
725 3455 762 3492 an
774 3440 848 3494 male
861 3449 936 3494 sarta
1059 3475 1080 3510 ,1
