2766 4162
408 479 502 520 LIBER
528 478 559 519 ΙΙ.
608 477 739 520 CARMEN
765 477 803 519 IV.

325 609 456 674 Divesne‚
469 607 562 677 prisco
574 618 657 674 natus
670 608 707 661 ab
722 609 836 675 Inacho,

324 692 372 744 Nil
385 692 508 759 interest,
521 709 557 745 an
570 709 684 761 pauper,
697 701 725 745 et
737 692 834 746 infima

360 777 403 827 De
416 783 499 842 gente
512 775 563 828 sub
577 774 642 828 divo
654 775 779 841 moreriS,

393 857 515 911 Victima
527 857 567 911 nil
579 858 737 912 miserantis
751 859 825 912 Orci.

326 979 433 1031 Omnes
446 978 546 1031 eodem
558 978 700 1046 cogimur:
722 978 847 1031 omnium

324 1063 457 1115 Versatur
470 1079 540 1115 urna
552 1063 639 1115 serius
652 1063 729 1115 ocius

363 1147 429 1198 Sors
443 1145 557 1212 exitura,
570 1154 598 1198 et
610 1163 662 1198 nos
675 1146 704 1198 in
717 1154 860 1200 aeternum

397 1228 519 1281 Exilium
532 1228 696 1297 impositura
709 1229 836 1282 cumbae.

478 1512 664 1565 CARMEN
694 1513 744 1564 IV.

311 1663 314 1669 ’
405 1659 451 1700 AD
467 1659 638 1735 xAthHIAM
658 1659 821 1702 PHOCEUM.

330 1783 378 1835 NE
391 1782 427 1834 sit
440 1783 558 1836 ancillae
571 1783 622 1835 tibi
635 1799 714 1836 amor
726 1783 834 1852 pudori,

329 1864 453 1917 Xanthia
467 1865 597 1918 Phoceu!
617 1865 694 1934 prius
707 1865 874 1919 insolentem

333 1949 419 2001 Serva
433 1947 536 2001 Briseis
549 1948 630 2001 niveo
643 1949 735 2002 colore

401 2031 492 2084 Movit
509 2030 667 2084 Achillem:

330 2150 422 2203 Movit
433 2150 550 2218 Ajacem
563 2151 716 2204 Telamone
729 2163 826 2205 natum

332 2234 436 2286 Forma
448 2233 574 2302 captivae
587 2234 732 2288 dominum
745 2237 929 2289 Tecmessae:

331 2316 408 2369 Arsit
420 2316 532 2369 Atrides
545 2316 638 2370 medio
649 2316 677 2368 in
690 2317 831 2386 triumpho

401 2399 515 2467 Virgine
528 2409 616 2468 rapta,

334 2519 476 2572 Barbarae
488 2528 638 2588 postquam
651 2517 776 2571 cecidere
789 2530 895 2572 turmae

332 2602 470 2654 Thessalo
483 2602 596 2668 victore,
609 2611 637 2655 et
650 2601 798 2670 ademptus
813 2603 919 2655 Hector

333 2685 462 2738 Tradidit
474 2685 555 2738 fessis
568 2685 672 2739 leviora
685 2685 743 2737 tolli

404 2769 542 2835 Pergama
556 2768 655 2821 Graiis

336 2888 455 2940 Nescias
468 2905 505 2940 an
518 2897 545 2941 te
558 2905 690 2956 generum
702 2888 778 2940 beati

335 2970 471 3038 Phyllidis
484 2971 572 3023 flavae
585 2971 718 3024 decorent
730 2979 875 3039 parentes:

338 3052 459 3122 Regium
471 3063 546 3106 certe
558 3071 646 3122 genus
659 3063 686 3106 et
699 3063 815 3122 penates

407 3137 514 3189 Maeret
527 3137 645 3206 iniquos.

337 3255 427 3308 Crede
440 3272 497 3307 non
510 3255 586 3308 illam
598 3255 649 3309 tibi
662 3255 699 3308 de
710 3256 828 3308 scelesta

337 3338 422 3391 Plebe
435 3337 575 3405 dilectam,
589 3354 679 3407 neque
692 3337 732 3391 sic
744 3337 863 3405 fidelem,

337 3420 384 3474 Sic
397 3421 474 3474 lucro
487 3436 615 3473 aversam
627 3421 751 3489 potuisse
764 3421 842 3474 nasci

409 3504 501 3556 Matre
513 3502 651 3572 pudenda
