2792 4168
580 455 712 497 HORATII
735 455 908 500 CARMINUM

458 587 547 640 Grata
559 585 699 655 carpentis
712 587 811 655 thyma
822 605 871 658 per
882 589 1008 642 laborem

457 669 619 737 Plurimum,
632 669 707 722 circa
718 687 817 724 nemus
830 671 961 742 uvidique

456 753 569 806 Tiburis
582 752 657 822 ripas
670 770 789 822 operosa
800 771 902 823 parvus

528 836 661 889 Carmina
672 835 755 905 fingo.

458 970 596 1025 Concines
609 971 715 1040 majore
727 977 812 1041 poeta
823 973 929 1041 plectro

459 1055 617 1122 Caesarem,
630 1054 798 1126 quandoque
811 1057 902 1111 trahet
915 1056 1020 1112 feroces

459 1139 511 1191 Per
524 1154 634 1191 sacrum
647 1138 749 1192 clivum
761 1139 862 1193 merita
874 1140 992 1194 decorus

529 1220 640 1274 Fronde
654 1217 825 1290 Sugambros
839 1241 846 1286 ;

459 1356 522 1424 Quo
535 1354 605 1408 nihil
617 1355 708 1424 majus
721 1355 855 1409 meliusve
867 1356 947 1410 terris

458 1441 530 1492 Fata
542 1439 681 1493 donavere
693 1440 816 1510 bonique
829 1440 895 1508 divi,

461 1524 522 1578 Nec
535 1521 651 1589 dabunt,
665 1523 792 1593 quamvis
805 1523 920 1576 redeant
932 1523 962 1576 in
974 1540 1073 1577 aurum

527 1607 669 1674 Tempora
681 1605 811 1675 priscum.

459 1737 598 1792 Concines
610 1738 754 1808 laetosque
766 1737 825 1791 dies
839 1746 866 1790 et
881 1737 967 1792 Urbis

459 1820 605 1874 Publicum
617 1821 715 1874 ludum
727 1838 810 1889 super
822 1820 971 1890 impetrato

460 1903 552 1957 Fortis
564 1903 684 1971 Augusti
696 1903 796 1971 reditu,
808 1903 954 1974 forumque

531 1985 638 2038 Litibus
651 1986 759 2039 orbum.

459 2123 533 2175 Tum
546 2137 633 2188 meae,
646 2119 670 2174 si
683 2119 751 2190 quid
762 2120 860 2190 loquar
872 2117 1050 2184 audiendum,

457 2203 542 2257 Vocis
556 2203 670 2257 accedet
681 2203 758 2256 bona
769 2219 853 2272 pars3
872 2210 909 2269 et,
923 2203 947 2255 Ο
962 2201 1011 2256 Sol

461 2287 596 2340 Pulcher!
615 2302 633 2340 o
645 2284 802 2339 laudande!
823 2301 932 2352 canam,
944 2293 1056 2354 recepto

529 2370 649 2424 Caesare
662 2369 733 2425 felix.

460 2509 564 2577 Teque,
577 2505 645 2560 dum
657 2504 791 2576 procedit,
804 2505 832 2559 io
844 2505 1015 2574 Triumphe!

459 2591 527 2642 Non
540 2589 625 2643 semel
637 2588 772 2657 dicemus,
785 2589 812 2642 io
825 2585 994 2658 Triumphe!

461 2672 565 2727 Civitas
578 2671 670 2726 omnis
682 2691 689 2737 ;
708 2671 893 2742 dabimusque
906 2671 977 2725 divis

529 2756 625 2808 Thura
636 2754 774 2823 benignis.

458 2878 500 2929 Te
513 2876 610 2930 decem
622 2875 694 2930 tauri
707 2874 880 2945 totidemque
891 2891 1003 2942 vaccae,

460 2961 510 3013 Me
521 2969 600 3013 tener
612 2959 701 3013 solvet
712 2958 823 3026 vitulus,
836 2957 933 3012 relicta

460 3044 553 3096 Matre
566 3041 613 3112 qui
625 3041 710 3111 largis
720 3041 876 3110 juvenescit
888 3041 983 3096 herbis

531 3138 565 3189 In
578 3153 642 3189 mea
653 3145 727 3202 vota,

462 3257 565 3310 Fronte
578 3265 706 3310 curvatos
719 3255 844 3310 imitatus
857 3256 936 3325 ignes

460 3338 588 3391 Tertium
601 3339 696 3392 Lunae
709 3338 851 3392 referentis
865 3347 964 3404 ortum,

463 3423 526 3490 Qua
538 3431 635 3475 notam
647 3422 725 3476 duxit
738 3422 835 3476 niveus
847 3421 943 3489 videri,
963 3455 966 3460 ·

531 3505 631 3557 Cetera
643 3503 741 3558 fulvus.
