2748 4138
357 436 416 507 278
592 447 723 490 nomn
748 445 965 489 nrrsromnun

353 580 397 631 Tu
410 593 456 630 me
468 576 541 630 inter
553 575 685 644 strepitus
698 584 851 629 nocturnos
864 583 947 644 atque
960 574 1074 629 diurnos

353 661 403 714 Vis
417 675 525 726 canere,
538 667 566 712 et
579 667 724 712 contracta
736 658 815 728 sequi
827 658 947 726 vestigia
959 659 1074 711 vatum?

355 742 510 812 Ingenium,
523 741 578 796 sibi
591 741 666 811 quod
679 757 782 794 vacuas
796 740 952 810 desumpsit
963 740 1098 806 Athenas,

353 827 391 878 Et
404 824 502 878 studiis
515 841 604 878 annos
618 833 725 893 septem
738 823 824 890 dedit,
837 823 1013 892 insenuitque
1090 871 1093 881 ,

354 909 444 962 Libris
457 917 485 962 et
498 907 580 975 curis,
593 916 687 961 statua
699 907 864 960 taciturnius
878 906 933 960 exit

353 993 528 1060 Plerumque,
541 999 568 1044 et
581 990 638 1043 risu
650 991 786 1059 populum
799 989 906 1059 quatit:
926 989 972 1043 hic
985 1006 1037 1058 ego
1050 1006 1142 1043 rerum

353 1074 498 1128 Fluctibus
511 1074 540 1126 in
553 1073 663 1140 mediis,
676 1082 704 1126 et
716 1073 929 1143 tempestatibus
943 1073 1029 1140 urbis,

351 1158 445 1210 Verba
456 1159 532 1226 lyrae
545 1166 656 1210 motura
669 1173 769 1210 sonum
783 1166 950 1210 connectere
963 1156 1081 1225 digner?

354 1242 452 1295 Frater
464 1249 524 1294 erat
537 1241 645 1294 Romae
659 1240 778 1294 consulti
792 1240 893 1307 rhetor,
907 1250 937 1293 ut
950 1240 1020 1292 alter

353 1324 474 1378 Alterius
488 1340 615 1377 sermone
628 1340 720 1376 meros
733 1323 841 1377 audiret
854 1323 993 1387 honores3

354 1408 499 1462 Gracchus
512 1416 543 1461 ut
555 1407 601 1460 hic
615 1407 662 1474 illi,
675 1407 748 1461 soret
760 1407 826 1460 huic
840 1415 870 1460 ut
884 1407 996 1460 Mucius
1010 1407 1072 1460 ille:

355 1492 411 1559 Qui
422 1491 515 1544 minus
528 1499 643 1559 argutos
655 1499 737 1543 vexat
750 1489 825 1543 furor
837 1489 890 1543 iste
902 1489 1020 1558 poetas?

355 1572 488 1627 Carmina
501 1589 651 1642 compono,
663 1573 709 1626 hic
723 1573 825 1641 elegos.
865 1572 1021 1627 “Mirabile
1033 1572 1095 1626 visu

355 1656 555 1725 Caelatumque
567 1672 669 1709 novem
683 1654 774 1708 Musis
787 1671 858 1723 opus
870 1657 875 1708 l
885 1655 899 1681 ’²
937 1654 1061 1723 Adspice
1073 1653 1208 1724 primum,

355 1739 467 1807 Quanto
481 1754 545 1791 cum
557 1737 640 1804 fastu,
654 1746 759 1806 quanto
772 1737 917 1790 molimine
929 1737 1046 1791 circum-

354 1821 519 1889 Spectemus
531 1836 651 1872 vacuam
665 1819 800 1873 Romanis
813 1820 923 1874 vatibus
936 1820 1036 1874 aedem
1048 1840 1055 1885 ;

354 1903 423 1955 Mox
435 1901 528 1969 etiam,
542 1901 565 1954 si
578 1901 648 1955 forte
660 1918 753 1969 vacas,
767 1919 890 1972 sequere,
904 1913 930 1957 et
943 1904 1040 1972 procul
1053 1903 1118 1958 audi

355 1985 429 2054 Quid
441 1984 520 2052 ferat,
533 1993 561 2039 et
573 2001 659 2054 quare
672 1985 726 2038 sibi
737 1995 831 2040 nectat
844 1995 960 2056 uterque
973 2002 1112 2040 coronam.

355 2067 512 2135 caedimur,
525 2077 553 2122 et
564 2067 682 2121 totidem
694 2068 784 2137 plagis
797 2069 988 2134 consumimus
1001 2070 1119 2136 hostem,

355 2152 443 2204 Lento
457 2150 597 2204 Samnites
610 2151 647 2204 ad
660 2151 766 2204 lumina
778 2151 869 2220 prima
881 2151 981 2206 duello.

355 2234 479 2288 Discedo
491 2235 611 2288 Alcaeus
624 2243 729 2304 puncto
743 2234 832 2288 illius:
853 2235 899 2288 ille
912 2252 975 2289 meo
988 2235 1071 2304 quis?

355 2318 434 2386 Quis,
447 2317 501 2370 nisi
516 2317 724 2371 Callimachus?
743 2317 768 2370 si
781 2318 843 2387 plus
856 2317 1009 2387 adposcere
1021 2318 1105 2384 visus,

355 2399 401 2452 Fit
415 2399 609 2467 Mimnermus,
622 2409 650 2452 et
662 2399 757 2469 optivo
770 2401 937 2468 cognomine
950 2401 1056 2455 crescit.

355 2483 447 2535 Multa
459 2481 525 2550 fero,
539 2492 569 2536 ut
581 2483 691 2551 placem
703 2499 791 2550 genus
804 2483 939 2537 irritabile
951 2493 1056 2551 vatum,

356 2566 427 2619 Cum
440 2566 540 2633 scribo,
554 2575 582 2618 et
594 2567 711 2635 supplex
723 2566 818 2635 populi
832 2566 964 2636 suffragia
975 2576 1075 2636 capto:

356 2648 444 2717 Idem,
457 2648 542 2701 finitis
555 2647 663 2717 studiis,
676 2657 705 2702 et
716 2658 810 2703 mente
822 2658 942 2719 recepta,

356 2732 492 2786 Obturem
504 2731 614 2800 patulas
627 2731 741 2800 impune
755 2732 911 2800 legentibus
924 2749 1011 2786 aures.

356 2813 494 2868 Ridentur
505 2814 580 2866 mala
593 2813 640 2882 qui
653 2826 824 2883 componunt
838 2815 980 2868 carmina:
1000 2832 1096 2869 verum

356 2897 487 2965 Gaudent
501 2897 661 2964 scribentes,
675 2906 702 2950 et
715 2914 745 2950 se
757 2907 931 2966 venerantur,
944 2908 971 2952 et
984 2899 1064 2965 ultro,

356 2981 386 3034 Si
399 2989 501 3047 taceas,
514 2979 631 3032 laudant
642 2979 778 3049 quidquid
791 2981 935 3050 scripsere,
946 2981 1029 3035 beati.

354 3064 393 3116 At
405 3063 453 3132 qui
465 3063 620 3132 legitimum
633 3062 726 3131 cupiet
737 3062 836 3117 fecisse
849 3069 959 3133 poema,

357 3147 429 3200 Cum
441 3145 543 3199 tabulis
558 3145 683 3199 animum
695 3145 818 3199 censoris
832 3156 922 3201 sumet
935 3147 1045 3201 honesti
1057 3166 1064 3211 ;

354 3227 478 3281 Audebit
491 3244 673 3298 quaecunque
685 3245 784 3297 parum
797 3229 952 3298 splendoris
964 3230 1117 3296 habebunt,
1183 3281 1186 3284 .

357 3313 395 3364 Et
408 3310 467 3362 sine
480 3310 603 3379 pondere
615 3320 705 3377 erunt,
718 3320 745 3365 et
758 3311 864 3364 honore
876 3311 993 3381 indigna
1004 3312 1135 3379 ferentur,

354 3392 449 3446 Verba
461 3409 572 3446 movere
585 3393 655 3460 loco,
668 3393 796 3462 quamvis
809 3393 897 3447 invita
908 3394 1049 3461 recedant,

357 3477 394 3529 Et
407 3484 550 3530 versentur
562 3476 654 3530 adhuc
667 3476 740 3532 intra
751 3478 905 3546 penetralia
917 3479 1027 3532 Vestae.
1172 3514 1210 3550 11⁴
1220 3525 1233 3537 ,
