2804 4176
470 471 563 514 urrann
586 471 604 513 1.
651 471 761 514 snrmn
783 471 812 514 x.
1006 471 1061 530 195

200 601 456 655 Grammaticorum
468 602 593 670 equitum
605 601 784 654 declaramus.
827 599 865 654 Ut
875 601 983 654 redeam
996 599 1071 654 illuc.

201 686 310 755 Nempe
323 684 507 753 incomposito
520 683 577 737 dixi
588 683 659 752 pede
672 700 780 737 currere
792 699 887 736 versus

200 767 294 821 Lucili.
333 767 402 836 Quis
415 775 473 820 tam
487 766 573 821 Lucili
587 765 677 820 fautor
688 765 781 835 inepte
794 775 844 832 est,

199 850 241 904 Ut
252 867 309 904 non
321 850 375 904 hoc
388 849 525 904 fateatur?
561 852 598 903 At
610 849 693 916 idem,
706 848 781 919 quod
794 849 852 902 sale
863 849 950 903 multo

200 933 308 987 Urbem
321 933 456 1000 defricuit,
469 933 566 986 charta
577 932 706 987 laudatur
718 932 824 987 eadem.

202 1016 262 1069 Nec
276 1026 370 1070 tamen
379 1017 433 1070 hoc
443 1016 576 1083 tribuenS,
586 1015 710 1070 dederim
723 1033 833 1085 quoque
845 1023 937 1069 cetera
948 1035 955 1080 ;
973 1032 1040 1070 nam
1053 1016 1092 1070 sic

201 1101 240 1153 Et
253 1098 352 1152 Laberi
364 1100 474 1167 mimos,
486 1108 517 1153 ut
529 1099 646 1169 pulchra
657 1104 795 1168 poemata,
807 1098 897 1154 mirer

201 1183 277 1251 Ergo
289 1198 346 1235 non
359 1182 426 1236 satis
440 1191 482 1236 est
493 1182 551 1236 risu
563 1182 694 1236 diducere
706 1182 807 1235 rictum

199 1264 342 1318 Auditoris
353 1284 360 1330 ;
379 1273 407 1319 et
419 1273 461 1319 est
474 1265 612 1335 quaedam
624 1274 719 1319 tamen
730 1265 777 1318 hic
789 1281 899 1334 quoque
911 1264 1004 1319 virtus.

202 1349 253 1401 Est
265 1348 401 1402 brevitate
413 1365 490 1417 opus,
504 1357 534 1402 ut
547 1358 639 1402 currat
652 1347 797 1414 sententia,
808 1364 863 1400 neu
877 1363 907 1400 se

202 1430 340 1500 Impediat
353 1431 445 1484 verbis
457 1432 546 1484 lassas
559 1431 738 1485 onerantibus
751 1447 848 1484 aures:

200 1515 238 1567 Et
251 1529 378 1567 sermone
391 1530 461 1582 opus
473 1522 516 1567 est
528 1513 612 1567 modo
625 1513 705 1580 tristi,
718 1529 801 1583 saepe
811 1513 917 1583 jocoso,

202 1596 377 1651 Defendente
389 1596 480 1650 vicem
491 1596 577 1650 modo
589 1596 706 1650 rhetoris
720 1605 803 1665 atque
815 1601 923 1665 politae,

201 1678 344 1733 Interdum
356 1679 464 1746 urbani,
477 1679 615 1748 parcentis
627 1678 741 1744 viribus,
753 1687 837 1748 atque

200 1763 384 1817 Extenuantis
397 1779 444 1816 eas
457 1763 591 1817 consulto.
630 1761 788 1816 Ridiculum
799 1761 856 1815 acri

201 1845 312 1900 Fortius
322 1853 350 1899 et
361 1845 460 1900 melius
473 1862 590 1915 magnas
602 1845 765 1915 plerumque
777 1854 853 1898 secat
865 1861 917 1898 res.

202 1928 254 1995 Illi,
267 1929 371 1998 scripta
383 1929 483 1998 quibus
495 1928 643 1982 comoedia
654 1927 746 1998 prisca
758 1928 824 1982 viris
837 1938 887 1996 est,

201 2013 264 2066 Hoc
278 2012 399 2079 stabant,
411 2012 465 2066 hoc
479 2021 543 2066 sunt
555 2011 684 2065 imitandi
695 2031 703 2076 ;
722 2029 792 2082 quos
804 2028 895 2081 neque
907 2011 1022 2081 pulcher

201 2096 393 2164 Hermogenes
406 2112 530 2164 unquam
541 2094 616 2164 legit,
629 2111 718 2165 neque
731 2095 827 2148 simius
840 2095 901 2163 iste,

202 2177 251 2231 Nil
262 2186 371 2246 praeter
384 2177 502 2230 Calvum
514 2185 542 2231 et
554 2177 652 2230 doctus
665 2185 778 2232 eantare
792 2178 939 2231 Catullum.

199 2262 238 2314 At
250 2276 383 2329 magnum
395 2259 469 2326 fecit,
482 2259 557 2328 quod
570 2258 662 2312 verbis
675 2261 784 2313 Graeca
799 2260 905 2313 Latinis

202 2342 323 2396 Miscuit
362 2344 386 2397 Ο
401 2342 454 2395 seri
468 2341 639 2395 studiorum!
659 2341 742 2411 quine
754 2342 857 2411 putetis

202 2425 321 2479 Difficile
334 2433 361 2478 et
373 2425 483 2491 mirum,
497 2423 608 2477 Rhodio
621 2424 696 2495 quod
710 2424 877 2486 Pitholeonti

203 2507 344 2576 Contigit?
380 2508 419 2561 At
432 2523 522 2560 sermo
534 2506 630 2576 lingua
642 2507 793 2560 concinnus
807 2515 923 2577 utraque
997 2555 1000 2559 .

201 2590 325 2657 Suavior,
337 2598 367 2643 ut
381 2589 451 2644 Chio
463 2598 530 2643 nota
542 2589 567 2643 si
579 2589 730 2643 commixta
743 2589 853 2643 Falerni
865 2599 915 2644 est.

202 2675 274 2727 Cum
285 2690 380 2727 versus
393 2673 487 2740 iacias,
500 2682 527 2727 te
540 2673 632 2742 ipsum
644 2681 798 2743 percontor,
812 2690 848 2726 an
861 2681 888 2728 et
901 2689 965 2726 cum

202 2758 282 2811 Dura
294 2756 345 2810 tibi
357 2755 517 2826 peragenda
528 2756 568 2810 rei
581 2756 617 2810 sit
630 2772 715 2810 causa
728 2756 827 2823 Petilli,

203 2840 315 2894 Scilicet
327 2839 428 2893 oblitus
441 2838 602 2908 patriaeque
614 2839 764 2908 patrisque,
779 2839 876 2893 Latine

203 2924 274 2977 Cum
288 2922 388 2976 Pedius
402 2939 500 2976 causas
513 2921 628 2976 exsudet
641 2922 790 2990 Poplicola,
804 2932 888 2992 atque

202 3007 346 3074 Corvinus,
359 3004 456 3074 patriis
468 3004 657 3059 intermiscere
669 3005 756 3074 petita

200 3091 294 3144 Verba
306 3089 371 3143 foris
384 3088 474 3155 malis,
488 3088 621 3142 Canusini
633 3105 710 3142 more
722 3087 871 3156 bilinguis?

200 3174 293 3243 Atque
307 3189 358 3242 ego
371 3188 435 3225 cum
448 3173 571 3225 Graecos
584 3171 711 3238 facerem,
724 3180 806 3225 natus
819 3187 896 3224 mare
908 3170 985 3238 citra,

201 3256 367 3322 Versiculos,
379 3254 466 3309 vetuit
477 3271 524 3308 me
536 3254 585 3308 tali
596 3271 665 3308 voce
679 3254 819 3324 Quirinus,

203 3339 269 3392 Post
282 3338 404 3392 mediam
416 3347 528 3392 noctem
539 3337 623 3405 visus,
636 3354 700 3392 cum
713 3337 822 3391 somnia
833 3354 915 3392 vera:
1007 3360 1010 3371 <

203 3422 237 3474 In
250 3421 347 3475 silvam
360 3439 417 3475 non
429 3421 506 3491 ligna
518 3421 589 3474 feras
601 3420 735 3488 insanius,
748 3438 780 3475 ac
794 3421 817 3475 si

203 3505 323 3574 Magnas
338 3506 509 3560 Graecorum
520 3504 602 3559 malis
615 3504 729 3573 implere
741 3514 872 3560 catervas
1022 3536 1045 3574 ³5
