2748 4138
317 398 375 472 256
548 413 680 455 nonani
704 412 922 457 nnrsromnun

568 693 793 746 EPISTOLA
822 692 905 745 XVI.

608 837 652 878 no
671 836 862 891 Qurucrrun.

358 959 406 1010 NE
419 959 598 1027 perconteris,
611 958 712 1012 fundus
725 975 812 1026 meus,
825 957 930 1027 optime
944 955 1067 1025 Quincti,

354 1043 428 1094 Arvo
441 1051 539 1110 pascat
550 1042 657 1109 herum,
671 1059 707 1094 an
719 1040 814 1095 baccis
827 1041 970 1110 opulentet
983 1040 1082 1106 olivae,

355 1124 494 1192 Pomisne,
507 1141 544 1178 an
556 1125 652 1193 pratis,
666 1141 702 1178 an
715 1124 820 1178 amicta
831 1123 935 1177 vitibus
947 1123 1041 1176 ulmo:

355 1207 497 1263 Scribetur
508 1208 560 1262 tibi
572 1208 662 1261 sonna
674 1207 835 1278 loquaciter,
848 1215 876 1260 et
888 1206 957 1260 situs
971 1205 1038 1275 agri.

355 1291 486 1345 Continui
499 1300 617 1358 montes,
629 1291 659 1344 ni
672 1290 857 1344 dissocientur
869 1306 959 1359 opaca

353 1374 433 1428 Valle
444 1393 451 1439 3
471 1374 521 1428 sed
534 1384 563 1428 ut
575 1374 689 1428 veniens
702 1373 830 1428 dextrum
842 1373 915 1426 latus
928 1371 1066 1441 adspiciat
1080 1372 1137 1438 Sol,

355 1457 479 1510 Laevum
492 1457 639 1511 discedens
653 1473 734 1511 curru
746 1456 869 1524 fugiente
882 1465 1004 1524 vaporet.
1074 1458 1078 1466 ’

354 1541 531 1609 Temperiem
543 1541 647 1594 laudes.
687 1540 782 1609 Quid?
801 1540 825 1593 si
837 1539 994 1593 rubic'unda
1005 1538 1120 1606 benigni

356 1624 448 1676 Coma
460 1641 558 1694 vepres
571 1633 598 1677 et
610 1640 700 1692 pruna
713 1622 822 1677 ferant?
842 1622 866 1676 si
879 1639 996 1692 quercus
1010 1630 1037 1675 et
1049 1622 1103 1674 ilex

355 1705 447 1758 Multa
459 1704 537 1774 fruge
549 1722 642 1774 pecus,
656 1706 745 1759 multa
757 1705 902 1759 dominum
911 1705 990 1774 juvet
1002 1704 1122 1758 umbra?

356 1787 444 1840 Dicas
457 1788 610 1842 adductum
623 1787 736 1857 propius
749 1788 877 1842 frondere
889 1790 1051 1841 Tarentum.

357 1870 432 1922 Fons
445 1869 530 1922 etiam
543 1870 601 1923 rivo
614 1871 681 1924 dare
693 1887 796 1924 nomen
809 1871 934 1938 idoneus,
947 1879 978 1924 ut
990 1887 1044 1923 nec

357 1951 495 2020 Frigidior
508 1953 649 2006 Thracam
661 1970 713 2006 nec
726 1954 820 2022 purior
832 1953 939 2008 ambiat
954 1954 1075 2018 Hebrus,

358 2035 471 2088 Infirmo
485 2035 569 2105 capiti
582 2036 641 2090 fluit
653 2037 737 2104 utilis,
750 2037 825 2091 utilis
839 2038 909 2091 alvo.

358 2119 422 2171 Hae
435 2119 558 2178 latebrae
570 2118 674 2186 dulces,
687 2120 780 2186 etiam,
795 2119 818 2173 si
831 2119 931 2186 credis,
944 2135 1088 2185 amoenae,

359 2202 532 2254 Incolumem
545 2201 595 2255 tibi
608 2219 653 2256 me
666 2212 809 2272 praestant
823 2202 1034 2271 Septembribus
1047 2201 1132 2255 horis.

356 2285 401 2337 Tu
413 2293 488 2338 recte
499 2284 578 2352 vivis,
592 2285 615 2338 si
628 2303 709 2340 curas
722 2303 783 2340 esse
796 2286 872 2356 quod
884 2285 972 2338 audis.

355 2368 498 2436 Jactamus
508 2369 678 2437 jampridem
690 2369 782 2422 omnis
795 2379 822 2422 te
836 2371 929 2422 Roma
940 2369 1055 2422 beatum
1068 2388 1074 2432 ;
1136 2419 1138 2424 .

358 2450 414 2504 Sed
427 2468 522 2504 vereor
535 2468 570 2505 ne
583 2452 628 2505 cui
641 2452 676 2505 de
689 2461 717 2506 te
730 2452 791 2521 plus
804 2469 890 2522 quam
903 2451 954 2505 tibi
967 2451 1074 2518 credas,

358 2535 437 2588 Neve
450 2544 530 2604 putes
544 2536 629 2588 alium
643 2536 768 2604 sapiente
780 2537 910 2606 bonoque
922 2535 1038 2589 beatum
1050 2554 1056 2598 ;

273 2616 277 2626 '
358 2619 430 2684 Neu,
444 2617 467 2670 si
480 2627 508 2671 te
520 2619 640 2688 populus
653 2635 753 2672 sanum
766 2628 895 2688 recteque
907 2618 1047 2671 valentem

358 2700 484 2767 Dictitet,
499 2703 638 2755 occultam
650 2701 757 2755 febrem
770 2703 823 2755 sub
836 2710 946 2770 tempus
959 2700 1060 2754 edendi

357 2783 533 2850 Dissimules,
547 2784 636 2838 donec
648 2784 778 2838 manibus
792 2794 895 2838 tremor
908 2783 1013 2836 incidat
1027 2783 1124 2837 unctis

358 2867 511 2920 Stultorum
524 2867 651 2922 incurata
662 2868 753 2937 pudor
765 2868 855 2921 malus
868 2868 961 2922 ulcera
973 2867 1052 2921 celat.

357 2949 462 3020 Siquis
475 2951 549 3004 bella
562 2951 612 3005 tibi
626 2960 700 3005 terra
711 2959 836 3019 pugnata
849 2949 974 3020 marique

358 3033 450 3100 Dicat,
464 3042 491 3087 et
504 3033 547 3086 his
560 3034 652 3088 verbis
664 3043 768 3087 vacuas
781 3034 953 3102 permulceat
965 3049 1046 3086 aures
1058 3052 1065 3096 ;
1100 3071 1102 3076 -

358 3116 435 3168 Tene
448 3115 538 3184 magis
552 3117 661 3169 salvum
672 3117 791 3185 populus
804 3115 879 3182 velit,
892 3133 929 3168 an
941 3116 1075 3185 populum
1089 3124 1126 3180 tu,

357 3199 455 3251 Servet
467 3198 496 3251 in
509 3199 650 3267 ambiguo,
664 3199 711 3269 qui
724 3198 844 3252 consulit
857 3209 884 3250 et
897 3198 948 3251 tibi
962 3206 989 3251 et
1002 3197 1071 3263 urbi,

355 3279 500 3350 Juppiter;
519 3282 638 3349 Augusti
652 3281 748 3335 laudes
762 3297 914 3348 agnoscere
926 3281 1025 3350 possis

358 3366 429 3418 Cum
442 3364 544 3430 pateris
558 3365 669 3433 sapiens
683 3364 903 3434 emendatusque
916 3363 1018 3430 vocari,

357 3445 628 3514 Respondesnetuo,
641 3447 686 3500 dic
700 3447 792 3513 sodes,
804 3446 938 3500 nomine?
978 3447 1087 3514 Nempe
1160 3480 1183 3515 ³1
