2792 4168
311 450 369 524 156
587 459 719 503 aonam
742 458 870 502 EPODON

468 589 646 645 Libidinosus
659 588 850 643 immolabitur
862 603 954 656 caper,

502 675 540 728 Et
552 689 627 742 agna
641 671 877 742 Tempestatibus.

597 996 785 1051 CARMEN
817 995 871 1048 Xl.

629 1143 672 1184 AD
690 1141 837 1185 PETTIUM.

382 1267 484 1332 ΡΕἹἭ,
496 1264 567 1319 nihil
579 1281 633 1332 me,
646 1264 717 1318 sicut
729 1272 820 1330 antea,
829 1263 910 1333 juvat

416 1348 544 1403 Scribere
556 1347 707 1403 versiculos
720 1363 815 1401 amore
827 1362 991 1416 percussum
1003 1345 1081 1415 gravi
1095 1363 1102 1408 ;

381 1433 493 1498 Amore,
507 1431 555 1502 qui
566 1447 612 1484 me
624 1439 735 1500 praeter
747 1446 844 1483 omnes
857 1429 962 1498 expetit

418 1514 552 1568 Mollibus
565 1513 594 1566 in
604 1513 696 1582 pueris
709 1521 757 1566 aut
769 1512 799 1566 in
811 1511 910 1582 puellis
923 1528 1010 1565 urere.

384 1597 440 1650 Hic
453 1596 550 1651 tertius
565 1595 729 1662 December,
742 1611 776 1649 ex
788 1611 844 1665 quo
856 1594 951 1648 destiti

421 1679 537 1733 Inachia
549 1677 647 1745 furere,
661 1677 737 1731 silvis
749 1677 886 1731 honorem
898 1677 1011 1730 decutit

386 1763 451 1816 Heu
463 1765 469 1815 l
489 1778 542 1829 me,
554 1777 605 1830 per
617 1761 715 1815 urbem
728 1760 804 1830 (nam
817 1760 905 1830 pudet
917 1759 988 1813 tanti
999 1758 1078 1826 mali)

421 1845 530 1899 Fabula
542 1852 648 1914 quanta
658 1843 698 1897 fui
710 1845 716 1897 l
735 1843 926 1898 conviviorum
938 1851 967 1896 et
978 1841 1110 1912 poenitet,

388 1929 421 1980 ln
434 1927 496 1997 quis
509 1935 652 1980 amantem
664 1927 782 1995 languor
794 1935 821 1980 et
834 1925 976 1979 silentium

420 2009 528 2078 Arguit,
541 2018 569 2063 et
581 2009 667 2063 latere
678 2009 783 2079 petitus
795 2009 853 2063 imo
866 2009 986 2078 spiritus.

389 2094 528 2146 Contrane
540 2093 648 2146 lucrum
660 2092 700 2146 nil
712 2093 803 2146 valere
816 2092 969 2146 candidum

423 2173 556 2244 Pauperis
569 2174 730 2244 ingenium!
750 2177 886 2246 querebar
898 2176 1047 2246 applorans
1060 2173 1111 2228 tibi
1123 2193 1130 2237 ;

389 2258 479 2313 Simul
490 2258 607 2313 calentis
620 2258 822 2314 inverecundus
835 2260 904 2314 deus

424 2341 584 2396 Fervidiore
596 2359 673 2397 mero
686 2359 789 2397 arcana
801 2352 944 2412 promorat
955 2343 1024 2396 loco.

391 2425 499 2496 Quodsi
510 2425 581 2480 meis
594 2425 732 2481 inaestuet
744 2425 914 2495 praecordiis

425 2509 526 2564 Libera
537 2510 610 2577 bilis,
623 2519 654 2564 ut
665 2511 734 2564 haec
747 2510 858 2580 ingrata
870 2509 961 2564 ventis
974 2508 1081 2562 dividat

391 2595 536 2660 Fomenta,
548 2593 647 2647 volnus
661 2593 700 2647 nil
712 2594 818 2647 malum
830 2593 952 2647 levantia
962 2611 970 2656 ;

427 2676 544 2731 Desinet
557 2675 711 2745 imparibus
724 2684 830 2730 certare
843 2683 999 2729 summotus
1011 2674 1108 2744 pudor.

392 2758 450 2814 Ubi
462 2758 534 2813 haec
546 2774 658 2812 severus
671 2766 699 2812 te
710 2757 1005 2828 palamlaudaveram,

425 2842 524 2910 Jussus
537 2840 614 2894 abire
626 2841 751 2908 domum,
763 2839 873 2894 ferebar
885 2839 991 2893 incerto
1003 2837 1074 2907 pede

392 2924 438 2977 Ad
450 2940 507 2977 non
519 2923 626 2978 amicos
638 2923 710 2978 heu!
730 2922 799 2976 mihi
812 2931 915 2992 postes,
928 2930 956 2975 et
967 2921 1023 2974 heu
1035 2922 1040 2973 l

429 3006 540 3062 Limina
552 3007 630 3074 dura,
644 3006 745 3077 quibus
758 3006 869 3060 lumbos
881 3013 909 3060 et
922 3003 1021 3073 infregi
1033 3004 1113 3057 latus.

395 3090 478 3144 Nunc
491 3089 636 3158 gloriantis
649 3089 802 3161 quamlibet
813 3087 1006 3142 mulierculam

427 3173 546 3227 Vincere
558 3172 682 3240 mollitie,
694 3188 774 3226 amor
787 3169 896 3240 Lycisci
907 3187 953 3224 me
966 3180 1042 3224 tenet
1054 3189 1060 3232 ;

396 3255 480 3310 Unde
493 3254 623 3325 expedire
635 3273 692 3310 non
705 3255 859 3309 amicorum
871 3261 975 3324 queant

431 3338 533 3392 Libera
544 3339 669 3407 consilia,
682 3355 734 3393 nec
746 3337 932 3392 contumeliae
943 3350 1042 3404 graves
1054 3352 1061 3396 ;

397 3421 455 3476 Sed
466 3421 537 3475 alius
550 3421 633 3474 ardor
645 3430 693 3476 aut
705 3421 814 3490 puellae
826 3417 973 3484 candidae,

430 3504 488 3559 Aut
500 3503 595 3558 teretis
608 3503 695 3574 pueri,
707 3504 822 3572 longam
833 3499 995 3557 renodantis
1007 3514 1125 3554 comam
