2792 4168
346 429 384 484 86

603 441 734 485 HORATII
758 441 932 484 CARMINUM

486 569 582 623 Motus
595 568 689 622 docen'
701 568 804 638 gaudet
819 568 930 622 Ionicos

487 653 600 706 Matura
610 652 697 722 virg0,
710 660 738 706 et
750 651 863 721 fingitur
875 651 998 705 artibus:

520 737 583 801 Jam
596 752 669 789 nunc
683 744 711 789 et
723 735 844 789 incestos
858 750 967 788 amores

557 820 602 872 De
614 826 709 872 tenero
721 817 873 872 meditatur
884 816 971 886 ungui
982 835 989 880 ;

489 976 558 1029 Mox
567 975 692 1045 juniores
705 975 814 1046 quaerit
826 974 967 1029 adulteros

490 1060 566 1112 Inter
578 1058 670 1112 mariti
683 1057 757 1125 vina,
769 1073 859 1128 neque
872 1056 949 1125 eligit

525 1141 576 1196 Cui
589 1141 675 1195 donet
687 1140 863 1210 impennissa
875 1139 978 1209 raptim

561 1224 672 1278 Gaudia
683 1223 834 1277 luminibus
847 1221 961 1275 remotis
973 1240 980 1286 ;

492 1381 549 1437 Sed
558 1382 638 1451 jussa
649 1397 745 1435 coram
757 1396 814 1433 non
827 1379 887 1432 sine
900 1377 1014 1432 conscio

493 1465 587 1534 Surgit
598 1463 708 1529 marito,
722 1479 772 1516 seu
783 1469 866 1515 vocat
878 1460 997 1527 institor,

527 1549 583 1602 Seu
595 1546 675 1599 navis
689 1545 835 1614 Hispanae
847 1542 988 1612 magister,

563 1629 740 1683 Dedecorum
752 1627 890 1696 pretiosus
903 1634 1018 1694 emptor.

496 1790 524 1841 N
526 1804 563 1841 on
575 1785 619 1839 his
629 1785 760 1854 juventus
773 1793 835 1837 orta
846 1782 1009 1852 parentibus

496 1868 597 1924 Infecit
609 1884 713 1938 aequor
726 1866 862 1936 sanguine
875 1865 989 1933 Punico,

532 1951 724 2022 Pyrrhumque
737 1959 764 2004 et
776 1949 920 2019 ingentem
932 1948 1034 2002 cecidit

467 2048 470 2052 ·
566 2034 741 2088 Antiochum.
751 2031 997 2102 Hannibalemque
1010 2030 1101 2085 dirum
1113 2051 1118 2084 :

500 2192 557 2247 Sed
569 2190 735 2246 rusticorum
747 2190 873 2244 mascula
885 2188 1005 2244 militum

498 2276 602 2343 Proles,
616 2273 735 2329 Sabellis
748 2273 833 2328 docta
844 2271 984 2343 ligonibus

533 2359 652 2412 Versare
664 2357 769 2426 glebas,
783 2365 810 2410 et
823 2371 935 2410 severae

572 2440 674 2494 Matris
687 2439 724 2493 ad
737 2438 883 2493 arbitrium
895 2436 999 2492 recisos

502 2601 616 2654 Portare
628 2596 715 2651 fustes
726 2615 733 2662 ;
753 2596 795 2650 sol
806 2595 855 2649 ubi
867 2593 1004 2648 montium

505 2684 629 2736 Mutaret
641 2680 764 2746 umbras,
776 2687 804 2732 et
813 2677 883 2747 juga
894 2676 1017 2730 demeret

537 2764 632 2817 Bobus
644 2761 776 2831 fatigatis,
789 2759 911 2814 amicum

572 2847 697 2915 Tempus
710 2859 796 2913 agens
809 2842 929 2896 abeunte
941 2856 1030 2894 curru.

507 3005 655 3058 Damnosa
667 3000 734 3071 quid
746 3016 802 3054 non
814 2996 955 3052 imminuit
968 2997 1046 3052 dies?

503 3088 590 3141 Aetas
603 3092 750 3154 parentum
762 3081 840 3153 pejor
852 3081 912 3136 avis
925 3080 988 3135 tulit

540 3171 601 3222 Nos
614 3167 769 3238 nequiores,
781 3182 847 3219 mox
859 3164 972 3218 daturos

575 3250 741 3320 Progeniem
752 3247 931 3303 vitiosiorem.
