2766 4162
435 439 528 481 Lmen
552 441 583 481 11.
630 439 760 483 cunum
786 441 826 482 ix.
977 472 980 480 .
1023 442 1059 500 57

357 570 438 623 Adde
451 571 527 640 quod
539 571 629 639 pubes
641 569 693 624 tibi
706 571 806 624 crescit
819 572 918 638 omnis,

358 654 482 707 Servitus
495 654 594 707 crescit
607 670 699 717 nova3
718 670 770 706 nec
783 654 888 722 priores

358 737 465 806 Impiae
478 746 584 790 tectum
596 736 727 790 dominae
740 736 898 808 relinquunt

428 821 518 888 Saepe
530 820 637 873 minati.

358 943 399 994 Te
412 942 470 994 suis
483 951 587 994 matres
600 950 729 994 metuunt
738 941 874 1010 juvencis,

358 1026 399 1078 Te
412 1041 493 1078 senes
505 1024 591 1093 parci,
604 1025 778 1094 miseraeque
790 1041 879 1092 nuper
907 1067 911 1094 ι

356 1108 485 1177 Virgines
498 1117 610 1177 nuptae,
624 1117 720 1161 tuane
733 1108 855 1162 retardet

427 1193 505 1244 Aura
516 1191 640 1245 maritos.

468 2124 517 2152 THE
530 2123 639 2154 FORTUNE
652 2125 680 2153 OF
694 2125 794 2154 ANTIUM.

496 2259 682 2312 CARMEN
716 2261 767 2312 IX.

521 2392 564 2432 An
590 2391 741 2434 vincturi.

258 2562 263 2574 Ι
322 2501 394 2553 NON
407 2516 518 2568 semper
530 2501 633 2554 imbres
646 2500 768 2554 nubibus
782 2500 908 2569 hispidos

322 2583 441 2635 Manent
454 2582 483 2634 in
496 2599 578 2651 agros
590 2602 597 2646 ;
617 2592 666 2636 aut
678 2599 756 2642 mare
770 2584 904 2652 Caspium

356 2666 467 2718 Vexant
480 2665 641 2735 inaequales
653 2666 791 2734 procellae

393 2749 491 2819 Usque
503 2767 510 2813 ;
529 2765 581 2802 nec
593 2749 734 2806 Armeniis
747 2749 777 2801 in
790 2749 855 2816 orm,

320 2869 419 2923 Amice
431 2869 523 2937 Valgi,
536 2878 593 2923 stat
605 2869 710 2939 glacies
723 2869 798 2922 iners

324 2953 438 3005 Menses
451 2967 501 3019 per
514 2968 611 3005 omnes
625 2971 632 3016 ;
651 2961 699 3005 aut
711 2950 897 3020 Aquilonibus

358 3036 498 3104 Querceta
512 3035 636 3103 Gargani
649 3035 787 3100 laborant,

396 3118 434 3170 Et
446 3115 519 3169 foliis
532 3117 683 3170 viduantur
695 3116 763 3170 orni.

319 3239 363 3291 Tu
376 3254 487 3306 semper
500 3253 582 3305 urges
595 3237 733 3291 flebilibus
746 3236 838 3289 modis

321 3322 434 3389 Mysten
447 3319 611 3389 ademptum
622 3339 630 3384 ;
649 3335 701 3372 nec
714 3319 765 3373 tibi
778 3321 902 3389 Vespero

354 3405 492 3472 Surgente
504 3404 645 3457 decedunt
657 3418 776 3470 amores,

391 3489 452 3540 Nec
465 3487 595 3557 rapidum
606 3487 729 3557 fugiente
743 3489 846 3543 Solem.
