2792 4168
404 474 498 518 nisan
520 476 565 518 111.
611 476 742 520 CARMEN
764 477 804 520 vr.
993 467 1030 540 85

377 603 504 658 Dimovit
517 605 663 659 obstantes
676 606 858 677 propinquos,

413 689 451 742 Et
463 689 597 757 populum
608 688 713 743 reditus
726 700 893 758 morantem,

341 821 433 890 Quam
446 821 469 874 si
482 821 615 876 clientum
627 823 713 892 longa
724 823 840 893 negotia

342 903 505 973 Dijudicata
517 904 565 958 lite
578 904 755 976 relinqueret,

377 988 510 1042 Tendens
523 987 699 1042 Venafranos
712 989 741 1041 in
754 1005 845 1058 agros,

409 1072 466 1125 Aut
480 1071 733 1127 Lacedaemonium
747 1073 912 1128 Tarentum.

474 1463 659 1516 CARMEN
687 1465 741 1517 Vl.

497 1607 540 1648 AD
560 1607 716 1650 ROMANOS.

256 1719 258 1723 ’
323 1729 464 1783 DELICTA
475 1729 614 1799 majorum
626 1730 783 1785 immeritus
795 1731 865 1799 lues,

322 1811 458 1880 Romane,
471 1812 561 1867 donec
573 1814 679 1883 templa
689 1813 827 1881 refeceris,

355 1894 504 1966 Aedesque
516 1896 643 1950 labentes
655 1896 780 1964 deorum,
795 1907 822 1951 et

394 1978 491 2032 Foeda
502 1978 582 2048 nigro
595 1979 744 2034 simulacra
756 1979 840 2035 fumo.

324 2110 376 2164 Dis
389 2119 417 2164 te
429 2111 566 2165 minorem
579 2112 654 2182 quod
666 2113 748 2181 geris,
761 2112 899 2184 imperas:

324 2192 400 2246 Hinc
414 2209 497 2246 omne
508 2193 684 2264 principium,
696 2195 752 2249 huc
765 2195 835 2250 refer
847 2197 960 2252 exitum.

360 2275 397 2327 Di
410 2276 500 2329 multa
511 2276 631 2345 neglecti
643 2276 781 2332 dederunt

397 2357 552 2426 Hesperiae
564 2358 640 2411 mala
650 2358 800 2413 luctuosae.

324 2491 389 2560 Jam
400 2489 445 2544 bis
458 2491 608 2544 Monaeses
621 2499 649 2545 et
662 2491 760 2545 Pacori
773 2508 873 2547 manus

327 2574 394 2627 Non
406 2573 566 2642 auspicatos
579 2572 706 2627 contudit
718 2573 838 2643 impetus

362 2658 491 2723 Nostros,
504 2664 532 2709 et
544 2655 681 2725 adjecisse
692 2656 827 2727 praedam

397 2738 555 2809 Torquibus
568 2737 673 2808 exiguis
686 2738 800 2794 renidet

329 2873 422 2927 Paene
435 2882 600 2943 occupatam
614 2872 798 2928 seditionibus

329 2955 442 3009 Delevit
453 2956 552 3010 urbem
565 2958 660 3009 Dacus
673 2965 701 3010 et
713 2955 849 3026 Aethiops
860 2975 867 3020 ;

365 3036 422 3092 Hic
434 3038 523 3092 classe
535 3037 708 3106 formidatus,
721 3039 767 3092 ille

400 3119 556 3176 Missilibus
568 3120 667 3175 melior
679 3120 795 3190 sagittis.

331 3252 464 3307 Fecunda
476 3253 575 3322 culpae
588 3253 681 3307 secula
692 3253 805 3324 nuptias

331 3335 455 3390 Primum
463 3333 655 3406 inquinavere,
669 3344 695 3390 et
708 3353 804 3406 genus,
817 3346 845 3392 et
857 3338 956 3394 domos
969 3359 976 3405 ;

367 3419 431 3472 Hoc
443 3417 519 3472 fonte
531 3417 657 3472 derivata
668 3419 763 3474 clades

402 3501 436 3555 Iu
448 3500 568 3570 patriam
580 3501 768 3574 populumque
780 3503 865 3558 fluxit.
940 3564 945 3570 ,
