2804 4176
318 444 378 484 220
573 440 705 484 HORATII
729 441 911 484 SATIRARUM

317 569 440 624 Infantes
454 578 570 638 statuas,
584 587 632 624 seu
645 569 742 640 pingui
755 579 848 624 tentus
861 587 959 624 omaso

316 654 414 709 Furius
427 654 560 708 hibernas
573 670 646 708 cana
658 654 722 708 nive
734 663 870 723 conspuet
883 654 977 723 Alpes.

315 737 418 789 Nonne
429 735 507 792 vides
521 736 631 806 (aliquis
645 736 740 790 cubito
753 745 876 790 stantem
887 753 974 806 prope
987 745 1106 804 tangens

315 817 437 888 Inquiet)
451 828 481 872 ut
494 818 604 888 patiens
617 821 622 872 !
642 828 672 873 ut
685 817 783 872 amicis
796 821 895 888 aptus!
914 828 945 873 ut
957 821 1039 873 acer!

314 902 410 955 Plures
423 901 568 956 adnabunt
581 901 689 969 thunni,
703 911 730 955 et
743 901 848 955 cetaria
861 911 995 956 crescent.

313 984 344 1039 Si
357 985 401 1039 cui
414 995 557 1054 praeterea
569 985 678 1038 validus
690 985 764 1038 male
776 985 848 1038 filius
861 985 890 1038 in
903 1001 933 1038 re

313 1069 462 1122 Praeclara
474 1069 600 1122 sublatus
614 1069 711 1135 aletur,
724 1085 759 1121 ne
772 1067 951 1122 manifestum

313 1150 435 1205 Caelibis
448 1151 614 1220 obsequium
626 1151 713 1205 nudet
726 1160 761 1218 te,
774 1150 873 1204 leniter
885 1151 914 1203 in
928 1167 1007 1220 spem

312 1234 424 1304 Adrepe
437 1234 585 1301 officiosus,
598 1243 628 1288 ut
641 1244 669 1288 et
682 1233 804 1288 scribare
817 1233 957 1288 secundus

313 1318 414 1384 Heres,
427 1327 463 1384 et,
476 1317 500 1370 si
513 1317 575 1386 quis
589 1333 670 1371 casus
683 1333 800 1387 puerum
813 1316 900 1386 egerit
914 1319 998 1383 OrcO,

313 1400 347 1452 In
359 1417 478 1454 vacuum
491 1399 604 1453 venias:
624 1415 737 1468 perraro
750 1399 820 1453 haec
833 1400 895 1453 alea
907 1398 984 1452 sallit.

312 1481 368 1551 Qui
380 1491 580 1536 testamentum
592 1482 684 1536 tradet
697 1482 748 1536 tibi
762 1498 872 1551 cunque
884 1481 1044 1550 legendum,

311 1566 452 1633 Abnuere,
465 1576 493 1619 et
506 1565 616 1619 tabulas
629 1583 646 1618 a
659 1574 687 1618 te
699 1581 841 1619 removere
854 1573 995 1618 memento
1008 1583 1014 1628 ;

312 1648 359 1702 Sic
372 1657 467 1702 tamen
480 1657 510 1701 ut
522 1647 596 1701 limis
609 1647 703 1716 rapias
716 1647 784 1717 quid
796 1647 887 1716 prima
900 1646 1024 1700 secundo

313 1731 385 1783 Cera
396 1730 463 1784 velit
475 1746 558 1783 versu
570 1749 576 1794 ;
596 1730 680 1797 solus,
693 1729 824 1783 multisne
837 1730 962 1796 cohereS,

312 1812 410 1866 Veloci
423 1829 552 1881 percurre
565 1813 654 1866 oculo.
693 1813 859 1883 Plerumque
871 1821 1000 1868 recoctus

312 1894 412 1949 Scriba
425 1910 458 1947 ex
471 1895 653 1963 quinqueviro
666 1912 780 1949 corvum
793 1895 906 1949 deludet
918 1895 1052 1960 hiantem,

312 1973 502 2047 Captatorque
515 1978 595 2031 dabit
607 1978 679 2032 risus
694 1978 801 2032 Nasica
814 1979 933 2032 Corano

312 2061 390 2114 Num
402 2059 490 2114 suris?
509 2077 546 2114 an
558 2060 680 2130 prudens
693 2060 766 2114 ludis
779 2078 833 2128 me,
846 2061 967 2115 obscura
979 2059 1128 2114 canendo?

312 2144 337 2197 0
352 2143 509 2210 Laertiade,
520 2143 656 2214 quidquid
668 2145 770 2212 dicam,
782 2153 831 2199 aut
844 2145 904 2212 erit,
917 2154 965 2198 aut
978 2160 1035 2197 non
1048 2161 1054 2196 :

312 2225 446 2280 Divinare
459 2226 563 2280 etenim
576 2244 695 2296 magnus
708 2227 777 2280 mihi
790 2228 877 2281 donat
888 2227 999 2297 Apollo.

312 2309 387 2378 Quid
400 2319 494 2363 tamen
508 2309 562 2364 ista
573 2311 640 2364 velit
653 2311 706 2365 sibi
720 2310 823 2378 fabula,
837 2311 860 2364 si
874 2310 947 2378 licet,
960 2309 1019 2363 ede.

311 2393 450 2462 Tempore
463 2409 518 2461 quo
528 2392 639 2461 juvenis
654 2393 765 2446 Parthis
777 2393 941 2460 horrendus,
955 2393 992 2446 ab
1004 2392 1061 2445 alto

313 2475 475 2529 Demissum
488 2493 577 2544 genus
589 2478 695 2543 Aenea,
709 2477 806 2530 tellure
818 2476 945 2546 marique

312 2559 434 2628 Magnus
448 2558 509 2625 erit,
522 2558 586 2612 sorti
599 2560 685 2612 nubet
698 2575 814 2628 procera
829 2560 939 2612 Corano

313 2641 385 2694 Filia
399 2641 530 2708 Nasicae,
543 2641 693 2695 metuentis
707 2641 823 2695 reddere
836 2641 954 2695 soldum.

311 2724 385 2777 Tum
397 2739 483 2792 gener
494 2723 548 2777 hoc
562 2723 662 2788 faciet3
682 2723 793 2777 tabulas
806 2740 904 2777 socero
916 2722 1004 2790 dabit,
1017 2731 1102 2793 atque

313 2807 353 2860 Ut
366 2807 440 2874 legat
453 2805 561 2860 orabit:
582 2807 700 2860 multum
715 2805 822 2860 Nasica
834 2815 951 2874 negatas

311 2888 439 2958 Accipiet
451 2888 574 2956 tandem,
588 2896 615 2942 et
627 2889 729 2942 tacitus
742 2889 815 2957 leget
826 2907 833 2954 ;
853 2888 1030 2958 invenietque

313 2970 362 3024 Nil
375 2971 428 3024 sibi
440 2971 572 3039 legatum,
584 2980 695 3041 praeter
706 2971 824 3040 plorare,
838 2971 959 3041 suisque.

312 3054 385 3107 illud
398 3054 517 3108 adhaec
528 3055 614 3123 jubeo
626 3073 633 3119 ;
652 3053 751 3108 mulier
764 3054 788 3107 si
801 3053 872 3108 sorte
884 3054 983 3107 dolosa

313 3137 476 3191 Libertusve
489 3153 585 3192 senem
598 3138 716 3192 delirum
729 3146 874 3207 temperet,
887 3138 942 3190 illis

313 3220 441 3275 Accedas
455 3220 564 3275 socius:
584 3220 690 3287 laudes,
703 3219 825 3274 lauderis
839 3229 868 3274 ut
882 3220 993 3274 absens.

312 3303 436 3372 Adjuvat
448 3303 502 3357 hoc
515 3321 644 3374 quoque;
665 3304 715 3357 sed
727 3304 814 3358 vincit
826 3304 910 3373 longe
923 3303 999 3372 prius
1013 3301 1105 3372 ipsum
1161 3353 1164 3358 .

312 3389 481 3456 Expugnare
494 3395 585 3455 caput.
623 3386 733 3440 Scribet
746 3387 821 3440 mala
833 3386 960 3439 carmina
971 3401 1085 3438 vecors:

314 3469 447 3524 Laudato.
488 3469 632 3523 Scortator
644 3469 713 3522 erit:
734 3485 801 3523 cave
814 3478 842 3523 te
854 3477 950 3537 roget:
971 3467 1043 3521 ultro
1142 3503 1166 3539 75
