2766 4162
420 476 512 518 LIBER
532 476 550 518 1.
598 477 729 519 CARMEN
752 475 847 518 XXXV.
1025 481 1062 534 43

320 607 361 658 Te
376 607 472 659 Dacus
485 623 574 675 asper,
591 615 618 659 te
631 605 740 674 profugi
755 607 885 674 Scythae,

321 689 478 758 Urbesque,
491 699 653 759 gentesque,
666 698 693 742 et
708 690 819 742 Latium
831 689 916 757 ferox,

357 772 522 841 Regumque
535 781 639 824 matres
652 772 845 839 barbarorum,
859 783 885 825 et

391 855 524 923 Purpurei
538 865 665 909 metuunt
677 857 797 922 tyranni,

323 987 461 1054 Injurioso
473 1003 509 1040 ne
521 987 593 1056 pede
605 1003 722 1054 proruas

321 1070 450 1123 Stantem
463 1061 631 1135 columnam,
644 1085 699 1122 neu
711 1070 830 1138 populus
843 1069 971 1140 frequens

355 1151 401 1204 Ad
414 1169 493 1205 arma
506 1160 658 1218 cessanteS,
671 1151 708 1204 ad
721 1168 800 1204 arma

390 1235 526 1302 Concitet,
540 1234 743 1304 imperiumque
755 1235 874 1304 frangat.

319 1370 360 1421 Te
373 1385 482 1438 semper
495 1369 582 1422 anteit
595 1385 680 1421 saeva
693 1369 864 1437 NecessitaS,

321 1453 422 1506 Clavos
435 1453 558 1505 trabales
571 1461 598 1504 et
611 1468 715 1505 cuneos
729 1469 815 1505 manu

356 1537 478 1588 Gestaris
492 1540 563 1588 atina
576 1554 583 1599 ;
602 1551 654 1588 nec
668 1551 780 1588 severus

290 1671 298 1678 ,
392 1620 490 1672 Uncus
503 1619 582 1671 abest
595 1617 787 1688 liquidumque
800 1618 954 1686 plumbum.

317 1752 359 1804 Te
373 1752 443 1819 Spes
457 1759 484 1804 et
497 1750 562 1808 albo
575 1767 637 1802 rara
650 1749 735 1802 Fides
748 1750 815 1802 colit

319 1835 419 1888 Velata
430 1851 533 1904 panno,
546 1850 597 1886 nec
611 1833 744 1886 comitem
757 1834 887 1901 abnegat,

356 1919 507 1987 Utcunque
520 1924 629 1969 mutata
641 1925 770 1984 potentes

389 2002 474 2054 Veste
487 2000 586 2053 domos
600 1999 714 2052 inimica
726 2000 836 2070 linquis.

319 2137 356 2189 At
369 2136 467 2204 volgus
480 2135 598 2187 infidum
610 2143 637 2187 et
650 2135 780 2188 meretrix
792 2145 865 2189 retro

322 2220 436 2288 Perjura
448 2217 539 2272 cedit:
560 2217 709 2286 diffugiunt
722 2218 799 2271 cadis

356 2303 428 2356 Cum
440 2301 517 2354 faece
530 2300 642 2354 siccatis
655 2300 748 2363 amici,

391 2386 474 2438 Ferre
485 2384 585 2453 jugum
597 2383 701 2452 pariter
713 2383 810 2436 dolosi.

276 2514 279 2520 '
321 2517 419 2570 Serves
433 2515 536 2569 iturum
550 2517 699 2569 Caesarem
713 2515 741 2567 in
754 2515 867 2568 ultimos

320 2599 404 2652 Orbis
418 2598 577 2665 Britannos,
590 2607 618 2651 et
627 2597 763 2667 juvenum
775 2613 871 2650 recens
921 2653 923 2656 ,

355 2683 482 2734 Examen
496 2681 564 2734 Eois
578 2679 734 2734 timendum

390 2764 529 2831 Partibus,
544 2765 713 2833 Oceanoque
726 2763 817 2816 rubro,

321 2898 418 2950 Eheu!
439 2897 601 2950 cicatricum
613 2906 640 2950 et
653 2896 765 2949 sceleris
778 2896 864 2964 pudet

320 2980 512 3049 Fratrumque.
551 2978 627 3047 Quid
642 2995 693 3031 nos
707 2978 777 3031 dura
789 2978 940 3046 refugimus

354 3063 460 3115 Aetas?
479 3062 546 3132 quid
560 3062 698 3116 intactum
709 3061 811 3114 nefasti

385 3145 552 3216 Liquimus?
572 3143 647 3197 unde
659 3160 775 3196 manum
785 3143 917 3211 juventus

321 3268 400 3321 Metu
413 3268 529 3321 deorum
542 3266 698 3320 continuit?
717 3265 818 3335 quibus

321 3351 448 3419 Pepercit
461 3351 535 3404 aris?
573 3351 598 3403 Ο
612 3349 720 3402 utinam
733 3366 807 3402 nova

357 3433 461 3486 incude
474 3432 604 3501 diffingas
617 3440 742 3484 retusum
755 3431 783 3484 in

390 3517 568 3584 Massagetas
580 3514 744 3584 Arabasque
757 3514 868 3568 ferrum.
