2792 4168
589 446 720 489 HORA'I'II
746 447 917 491 CARMINUM

611 913 798 966 CARMEN
828 915 896 967 XX.

608 1070 651 1110 AD
670 1070 895 1114 MAECENATEM.

435 1202 507 1256 NON
521 1201 624 1256 usitata
637 1219 688 1255 nec
702 1202 778 1256 tenui
790 1202 863 1256 ferar

434 1286 530 1339 Penna
542 1285 670 1340 biformis
682 1303 732 1355 per
743 1286 881 1356 liquidum
894 1287 1008 1342 aethera

467 1370 563 1435 Vates,
576 1385 667 1439 neque
680 1369 709 1421 in
722 1369 802 1423 terris
815 1371 946 1423 morabor
1026 1359 1028 1365 ¹

504 1452 635 1520 Longius,
649 1450 809 1522 invidiaque
821 1452 911 1521 major

433 1607 528 1661 Urbes
540 1608 703 1678 relinquam.
743 1609 809 1662 Non
822 1625 874 1678 ego
887 1625 1041 1678 pauperum

433 1690 553 1759 Sanguis
567 1700 723 1759 parentum,
736 1708 793 1744 non
806 1707 867 1760 ego,
880 1707 964 1761 quem
976 1708 1070 1758 vocas,

468 1773 484 1801 “
494 1773 628 1840 Dilecte,''
641 1775 802 1840 Maecenas,
815 1773 909 1840 obibo,

504 1857 565 1909 Nec
579 1857 677 1926 Stygia
689 1857 843 1912 cohibebor
855 1857 938 1910 unda„

430 2015 494 2083 Jam
503 2013 564 2082 jam
576 2012 701 2068 residunt
715 2013 840 2068 cruribus
853 2031 968 2084 asperae

432 2098 530 2164 Pelles,
544 2105 572 2150 et
584 2097 679 2151 album
692 2108 786 2151 mutor
798 2099 827 2150 in
839 2098 935 2152 alitem
1001 2162 1008 2178 ⁸

467 2181 600 2249 Supeme,
613 2190 821 2250 nascunturque
834 2182 908 2234 leves

502 2266 556 2318 Per
568 2265 672 2334 digitos
684 2266 871 2336 humerosque
883 2265 1003 2334 plumae.

429 2423 493 2491 Jam
507 2421 651 2476 Daedaleo
664 2422 741 2476 ocior
754 2423 835 2476 Icaro

430 2505 529 2559 Visam
541 2505 677 2574 gementis
690 2505 774 2559 litora
787 2505 906 2574 Bospori

466 2590 616 2659 Syrtesque
630 2590 773 2656 Gaetulas,
786 2606 905 2643 canorus

499 2673 575 2740 Ales,
589 2672 843 2744 Hyperboreosque
856 2688 979 2741 campos.

433 2831 484 2883 Me
499 2830 629 2897 Colchus,
642 2839 669 2883 et
682 2831 730 2900 qui
743 2829 901 2885 dissimulat
913 2840 1019 2886 metum

430 2915 544 2967 Marsae
556 2914 680 2967 cohortis
691 2916 796 2982 Dacus,
809 2925 837 2969 et
850 2914 939 2969 ultimi

466 2998 593 3050 Noscent
606 2997 716 3065 Geloni,
729 3014 774 3051 me
786 2998 892 3068 peritus

501 3079 599 3134 Discet
613 3080 711 3157 Hiber,
725 3080 912 3151 Rhodanique
924 3091 1012 3150 potor.

429 3235 531 3289 Absint
545 3235 621 3289 inani
633 3236 729 3290 funere
741 3236 849 3304 neniae,

430 3320 589 3388 Luctusque
601 3329 695 3388 turpes
708 3328 736 3372 et
749 3319 955 3390 querimoniae:

466 3402 620 3470 Compesce
632 3403 791 3470 clamorem,
804 3420 837 3456 ac
850 3402 989 3472 sepulchri
1054 3467 1056 3472 Ι

500 3484 583 3538 Mitte
595 3500 781 3553 supervacuos
793 3485 921 3539 honores.
