2748 4138
338 459 339 462 ,
415 415 508 457 monn
531 416 551 458 1.
595 416 744 458 nrrsrom
766 416 816 458 xv.
977 416 991 454 2
997 412 1013 472 5
1020 412 1034 472 5

239 543 322 598 Dicet
334 560 418 614 eques
431 562 436 599 :
458 545 508 598 sed
520 544 584 615 equi
596 543 703 598 frenato
716 553 758 598 est
771 543 844 598 auris
859 543 888 596 in
900 542 967 610 ore.)

239 627 332 696 Major
344 636 438 680 utrum
450 628 584 696 populum
596 627 726 681 frumenti
740 627 822 696 copia
833 635 949 697 pascat;

239 711 414 766 Collectosne
426 711 526 765 bibant
539 711 650 778 imbres,
663 720 798 780 puteosne
811 727 946 781 perennes

236 793 315 863 Jugis
329 810 418 864 aquae
429 813 437 860 ;
457 793 535 863 (nam
546 793 614 847 vina
625 793 696 847 nihil
707 810 801 847 moror
813 794 886 847 illius
899 809 971 847 orae.

241 878 316 930 Rure
328 893 392 930 meo
404 893 520 946 possum
533 876 643 947 quidvis
655 876 775 946 perferre
787 877 901 947 patique
914 896 921 942 ;

237 961 283 1015 Ad
295 977 373 1014 mare
386 977 451 1014 cum
462 959 535 1028 veni,
548 976 714 1029 generosum
727 970 755 1015 et
767 962 829 1014 lene
841 959 959 1030 requiro,

240 1043 323 1111 Quod
335 1060 416 1097 curas
429 1043 533 1112 abigat,
547 1043 623 1113 quod
635 1060 699 1096 cum
713 1060 763 1112 spe
775 1043 860 1098 divite
872 1050 968 1116 manet

239 1128 273 1179 ln
285 1143 371 1180 venas
385 1125 565 1196 animumque
577 1143 679 1194 meum,
692 1126 767 1197 quod
779 1126 865 1180 verba
877 1124 1024 1190 ministret,

238 1209 323 1278 Quod
334 1226 380 1263 me
394 1211 525 1263 Lucanae
534 1209 666 1277 juvenem
678 1209 856 1263 commendet
869 1205 996 1273 amicae.)

237 1294 356 1346 Tractus
370 1301 431 1346 uter
442 1293 535 1362 plures
548 1293 664 1362 lepores,
677 1301 738 1346 uter
750 1292 849 1346 educet
861 1307 961 1361 apros:

239 1376 312 1429 Utra
324 1375 415 1444 magis
427 1375 519 1445 pisces
532 1384 560 1428 et
573 1375 686 1429 echinos
700 1391 822 1445 aequora
834 1376 923 1429 celent
935 1393 942 1438 ;

239 1458 355 1527 Pirlguis
368 1468 398 1513 ut
411 1459 477 1512 inde
489 1459 605 1512 domum
617 1457 723 1527 possim
738 1459 905 1528 Phaeaxque
917 1456 1016 1511 reverti
1030 1475 1036 1521 ;

239 1542 367 1596 Scribere
380 1551 408 1595 te
420 1541 511 1608 nobis,
524 1541 575 1595 tibi
587 1557 639 1594 nos
653 1540 807 1608 accredere,
820 1557 871 1610 par
883 1548 933 1594 est.

239 1625 379 1692 Maenius,
392 1633 422 1678 ut
434 1624 517 1678 rebus
530 1623 663 1678 maternis
676 1633 760 1694 atque
772 1622 898 1693 paternis

240 1707 365 1761 Fortiter
377 1707 533 1777 absumptis
546 1707 669 1760 urbanus
682 1706 774 1777 coepit
786 1705 893 1772 haberi,

240 1791 345 1845 Scurra
357 1807 454 1860 vaguS,
467 1807 528 1844 non·
536 1790 583 1860 qui
596 1800 703 1844 certum
714 1806 848 1859 praesepe
860 1797 975 1855 teneret,

241 1875 405 1943 Impransus
418 1891 475 1928 non
488 1873 536 1943 qui
549 1873 638 1927 civem
651 1873 827 1942 dignosceret
839 1873 938 1935 hoste;

239 1956 387 2024 Quaelibet
401 1956 430 2009 in
443 1956 569 2026 quemvis
583 1956 733 2026 opprobria
745 1955 849 2025 fingere
862 1972 981 2031 saeuus;

241 2038 381 2092 Pernicies
395 2047 422 2092 et
435 2046 587 2108 tempestas
599 2039 818 2109 barathrumque
830 2039 948 2105 macelli,

241 2121 385 2191 Quidquid
398 2121 562 2190 quaesierat,
575 2123 664 2176 ventri
677 2122 802 2176 donabat
814 2139 907 2176 avaro.

241 2205 307 2271 Hic,
319 2204 367 2258 ubi
380 2204 521 2274 nequitiae
533 2204 687 2259 fautoribus
699 2214 727 2258 et
739 2205 845 2258 timidis
858 2206 898 2259 nil

240 2288 298 2340 Aut
310 2287 436 2355 paullum
448 2287 609 2354 abstulerat,
621 2288 732 2357 patinas
745 2288 883 2342 coenabat
895 2288 993 2354 omasi,

242 2371 314 2425 Vilis
327 2380 355 2425 et
368 2370 496 2439 agninae,
509 2370 598 2424 tribus
610 2371 682 2424 ursis
695 2370 771 2440 quod
783 2370 851 2424 satis
865 2380 937 2424 esset
949 2391 955 2434 ;

244 2455 357 2510 Scilicet
370 2464 400 2508 ut
412 2463 523 2508 ventres
536 2455 631 2506 lamna
643 2453 780 2508 candente
793 2462 926 2522 nepotum

244 2540 356 2592 Diceret
369 2537 489 2592 urendos
502 2545 642 2590 corrector
654 2535 773 2589 Bestius.
812 2536 892 2589 Idem

244 2620 388 2690 Quidquid
400 2628 459 2673 erat
472 2627 571 2673 nactus
584 2619 705 2689 praedae
717 2618 840 2687 majoris,
853 2618 901 2671 ubi
914 2634 996 2672 omne

242 2705 370 2757 Verterat
383 2702 411 2755 in
424 2701 531 2756 fumum
543 2711 571 2755 et
584 2701 713 2768 cinerem,
728 2702 794 2756 Non
806 2701 918 2755 hercule
930 2701 1022 2768 miror,

242 2786 354 2854 Aiebat,
367 2786 391 2839 si
404 2787 451 2856 qui
463 2785 614 2840 comedunt
625 2785 719 2850 bona3
738 2802 802 2839 cum
815 2785 851 2839 sit
863 2786 949 2840 obeso

244 2870 294 2922 Nil
306 2869 405 2923 melius
418 2869 508 2937 turdo,
519 2869 561 2922 nil
572 2870 654 2922 volva
666 2869 808 2938 pulchrius
821 2869 922 2938 ampla
1006 2913 1010 2926 .

243 2952 385 3005 Nimirum
396 2952 442 3005 hic
456 2969 507 3020 ego
520 2969 583 3005 sum
594 2971 601 3016 ;
619 2969 687 3004 nam
699 2960 760 3006 tuta
772 2961 799 3006 et
811 2951 927 3021 parvula
939 2952 1029 3019 laudo,

243 3035 316 3088 Cum
328 3051 372 3088 res
386 3033 527 3101 deficiunt,
540 3033 607 3087 satis
621 3034 693 3088 inter
704 3034 771 3087 vilia
782 3034 879 3100 fortis3

241 3118 346 3172 Verum
358 3117 405 3171 ubi
419 3117 487 3188 quid
499 3117 598 3170 melius
611 3116 748 3186 contingit
760 3127 787 3170 et
800 3117 918 3184 unctius,
932 3117 1007 3171 idem

241 3202 300 3255 Vos
313 3217 410 3271 sapere
423 3209 450 3254 et
464 3201 538 3253 solos
551 3200 596 3253 aio
608 3201 680 3254 bene
692 3201 792 3267 vivere,
805 3216 923 3270 quorum

242 3284 420 3355 Conspicitur
432 3283 529 3338 nitidis
541 3282 659 3337 fundata
670 3283 790 3353 pecunia
801 3283 879 3336 villis.
1043 3306 1067 3353 4⁶
