2792 4168
437 459 530 501 LIBER
556 460 586 501 11.
633 459 763 501 CARMEN
788 459 853 502 XIX.
1030 461 1065 517 71

397 588 534 640 Laetatur.
576 588 672 641 Euoe!
691 604 775 656 parce
789 588 878 655 Liber,

431 672 526 738 Parce,
538 670 616 740 gravi
629 671 778 746 metuende
790 672 903 740 thyrso!

361 829 416 881 Fas
429 827 587 897 pervicaces
600 836 643 881 est
654 827 724 881 mihi
737 829 890 896 Thyiadas

359 911 480 980 Vinique
492 910 606 977 sontem,
618 910 699 964 lactis
713 919 741 964 et
753 912 853 965 uberes

397 995 516 1047 Cantare
529 992 612 1060 rivos,
625 1002 709 1063 atque
722 989 827 1046 truncis

432 1078 525 1145 Lapsa
537 1076 614 1130 cavis
627 1075 728 1129 iterare
740 1076 833 1142 mella,

361 1235 417 1287 Fas
429 1243 457 1287 et
469 1234 570 1308 beatae
582 1232 709 1302 conjugis
722 1233 850 1290 additum

361 1315 454 1369 Stellis
467 1316 611 1383 honorem,
625 1324 754 1385 tectaque
765 1315 882 1369 Penthei

396 1398 523 1468 Disjecta
535 1414 592 1452 non
604 1398 661 1451 leni
674 1397 763 1464 ruina,

429 1481 547 1536 Thracis
561 1489 588 1534 et
601 1480 715 1535 exitium
729 1480 855 1550 Lycurgi.

360 1640 405 1692 Tu
417 1636 506 1690 flectis
519 1653 625 1702 arnneS,
637 1645 668 1690 tu
681 1653 758 1689 mare
770 1637 930 1705 barbarum

360 1724 404 1775 Tu
418 1719 554 1789 separatis
567 1719 666 1774 uvidus
680 1719 708 1772 in
718 1719 793 1789 jugis

396 1803 481 1856 Nodo
494 1808 605 1856 coerces
618 1801 744 1871 viperino

430 1886 609 1941 Bistonidum
622 1886 683 1939 sine
694 1885 792 1940 fraude
805 1886 902 1942 crines.

360 2046 412 2112 Tu,
425 2061 490 2098 cum
502 2042 626 2112 parentis
638 2059 726 2112 regna
738 2060 788 2114 per
800 2044 918 2099 arduum

361 2129 468 2182 Cohors
480 2126 627 2196 gigantum
641 2126 787 2181 scanderet
800 2128 895 2198 impia,

396 2211 538 2264 Rhoetum
550 2209 685 2266 retorsisti
699 2210 787 2263 leonis

385 2309 388 2314 ·
432 2292 582 2362 Unguibus
592 2292 773 2362 horribilique
786 2294 868 2347 mala

361 2452 540 2520 Quamquam
553 2447 661 2502 choreis
674 2447 766 2518 aptior
778 2456 806 2502 et
815 2449 887 2517 jocis

361 2534 495 2603 Ludoque
507 2533 606 2599 dictuS,
619 2547 677 2584 non
690 2539 734 2584 sat
747 2531 865 2586 idoneus

396 2619 510 2686 Pugnae
522 2614 655 2669 ferebaris
667 2632 674 2678 ;
693 2612 744 2666 sed
757 2612 832 2667 idem
896 2609 898 2616 “

432 2699 514 2754 Pacis
527 2715 589 2752 eras
601 2695 767 2766 mediusque
780 2696 853 2750 belli.

363 2860 404 2911 Te
416 2859 486 2912 vidit
500 2858 596 2912 insons
611 2857 747 2912 Cerberus
759 2872 844 2909 aureo

364 2943 457 2994 Comu
469 2940 610 3008 decorum,
622 2939 721 2993 leniter
733 2947 855 2992 atterens

400 3022 534 3089 Caudam,
547 3032 574 3076 et
587 3021 743 3077 recedentis
756 3020 878 3091 trilingui

434 3106 490 3159 Ore
502 3104 587 3174 pedes
600 3103 746 3174 tetigitque
758 3121 846 3159 crura.
