2766 4162
591 450 722 494 HORATII
746 450 918 494 CARMINUM

440 579 547 652 Quodsi
560 579 691 634 Threicio
702 579 834 634 blandius
848 579 961 648 Orpheo

437 664 572 719 Auditam
583 663 726 716 moderere
739 663 884 716 arboribus
897 662 999 727 fidem;

439 749 506 801 Non
518 763 608 800 vanae
620 746 715 800 redeat
728 746 841 814 sanguis
855 745 978 816 imagini,

475 831 568 900 Quam
580 829 660 898 virga
671 830 758 883 semel
769 829 891 896 horrida,

440 951 506 1003 Non
518 948 588 1004 lenis
601 948 730 1018 precibus
743 948 803 1003 fata
813 948 963 1016 recludere,
1034 939 1039 946 ’

439 1033 528 1102 Nigro
540 1032 705 1101 compulerit
719 1031 873 1085 Mercurius
886 1031 970 1102 gregi.

440 1113 565 1170 Durum!
584 1115 633 1168 sed
645 1114 733 1168 levius
746 1114 776 1168 fit
789 1114 925 1184 patientia

465 1197 619 1276 'Quidquid
631 1197 768 1266 corrigere
780 1205 823 1250 est
835 1196 921 1251 nefas.

594 1514 783 1569 CARMEN
808 1514 906 1567 XXV.

653 1647 696 1688 nn
715 1646 844 1688 nvnrnn.

363 1798 367 1806 .
443 1758 579 1811 PARCIUS
589 1755 701 1824 junctas
714 1754 842 1825 quatiunt
853 1753 989 1808 fenestras

444 1840 549 1894 Ictibus
564 1838 667 1892 crebris
678 1839 794 1907 juvenes
808 1837 937 1907 protervi,

443 1923 470 1974 N
473 1939 504 1977 ec
517 1921 568 1975 tibi
583 1938 697 1975 somnos
710 1921 845 1988 adimunt,
858 1929 990 1991 amatque

511 2006 603 2073 Janua
616 2004 710 2072 limen,

445 2127 524 2195 Quae
536 2125 612 2194 prius
624 2126 745 2179 multum
756 2124 845 2179 facilis
857 2125 990 2179 movebat

444 2209 587 2263 Cardines.
625 2208 715 2262 Audis
728 2208 820 2262 minus
833 2217 861 2263 et
872 2209 966 2263 minus
975 2208 1044 2279 jam,

418 2292 492 2346 “Me
504 2300 553 2346 tuo
564 2291 663 2360 longas
676 2300 808 2360 pereunte
820 2300 927 2359 noctes,

515 2373 613 2443 Lydia,
626 2373 730 2427 dormis
738 2375 769 2428 ?’'

447 2494 572 2549 Invicem
583 2495 716 2549 moechos
729 2512 799 2549 anus
812 2504 974 2566 arrogantes

446 2577 540 2632 Flebis
553 2578 582 2630 in
594 2578 654 2632 solo
666 2577 734 2632 levis
747 2579 904 2648 angiportu,

445 2660 567 2714 Thracio
578 2660 735 2715 bacchante
747 2662 837 2730 magis
851 2662 903 2715 sub
915 2660 997 2714 inter·

516 2743 593 2797 lunia
604 2752 687 2796 vento
698 2761 706 2808 ;

447 2863 519 2916 Cum
531 2861 582 2915 tibi
594 2861 716 2931 flagrans
728 2877 814 2928 amor,
828 2869 855 2915 et
867 2860 963 2928 libido,

448 2945 527 3014 Quae
540 2945 609 2998 solet
620 2953 725 2997 matres
737 2943 838 2997 furiare
850 2960 992 3014 equorum,

448 3027 558 3083 Saeviet
571 3027 645 3081 circa
654 3027 733 3096 jecur
745 3026 901 3080 ulcerosum
911 3046 919 3092 ;

518 3111 585 3163 Non
597 3110 657 3164 sine
670 3118 777 3181 questu,

448 3231 535 3283 Laeta
547 3230 622 3301 quod
634 3232 723 3300 pubes
734 3230 838 3284 hedera
849 3230 955 3285 virente

449 3313 577 3367 Gaudeat
589 3314 666 3382 pulla
677 3313 767 3382 magis
780 3323 863 3384 atque
876 3322 966 3383 myrto
977 3332 984 3377 ;

447 3393 549 3449 Aridas
561 3394 673 3449 frondes
687 3396 797 3450 Hiemis
810 3395 900 3450 sodali

520 3478 639 3533 Dedicet
653 3479 758 3534 Hebro.
