2748 4138
405 418 498 460 LIBER
522 419 539 460 1.
587 417 735 461 EPISTOLA
756 417 831 459 XVII.
982 416 1040 476 259

218 545 396 615 Splendidius
409 547 497 600 multo
510 554 561 599 est.
600 547 697 616 Equus
710 554 740 599 ut
752 563 797 600 me
809 553 909 615 portet,
922 546 979 598 alat
992 562 1046 610 rex,

218 629 349 683 Officium
361 629 449 683 facio:
471 639 501 682 tu
513 629 606 698 poscis
619 629 685 683 vilia
697 645 789 682 rerum

219 714 312 766 Dante
325 712 424 779 minor,
437 712 565 782 quamvis
578 712 632 765 fers
646 721 674 765 te
685 711 787 765 nullius
801 720 936 780 egentem.

217 794 318 848 Omnis
331 794 505 864 Aristippum
518 793 612 848 decuit
624 795 700 848 color
713 803 740 848 et
753 803 842 848 status
855 804 882 848 et
894 811 946 861 res,

216 878 386 930 Tentantem
398 878 515 945 majora,
528 876 584 931 fere
596 877 790 947 praesentibus
803 893 940 947 aequum:

218 960 330 1027 Contra,
343 977 427 1030 quem
439 959 543 1029 duplici
556 976 650 1029 panno
662 959 798 1030 patientia
810 960 892 1027 velat,

217 1043 344 1097 Mirabor
356 1043 430 1096 vitae
442 1043 488 1096 via
501 1043 525 1096 si
538 1059 673 1098 conversa
685 1042 806 1096 decebit.

216 1126 296 1180 Alter
307 1143 476 1196 purpureum
488 1142 545 1179 non
558 1126 732 1195 exspectabit
744 1126 887 1192 amictum,

217 1209 362 1278 Quidlibet
375 1209 488 1262 indutus
501 1210 681 1263 celeberrima
693 1225 743 1278 per
754 1209 817 1262 loca
829 1208 921 1275 vadet,

216 1293 424 1362 Personamque
435 1292 504 1345 feret
517 1309 574 1345 non
587 1292 771 1346 inconcinnus
784 1301 947 1361 utramque:

216 1375 296 1429 Alter
309 1375 400 1429 Mileti
413 1383 519 1428 textam
531 1391 601 1428 cane
613 1375 692 1444 pejus
706 1384 734 1428 et
746 1375 831 1443 angui

215 1457 325 1512 Vitabit
338 1458 515 1527 chlamydem
526 1477 534 1522 ;
547 1456 680 1511 morietur
694 1457 802 1526 frigore,
816 1457 840 1510 si
852 1473 909 1510 non

215 1539 365 1595 Rettuleris
378 1558 519 1610 pannum:
540 1540 618 1608 refer,
631 1549 659 1594 et
672 1540 732 1594 sine
744 1540 820 1594 vivat
832 1540 950 1609 ineptus

216 1626 273 1678 Res
286 1641 380 1694 gerere
393 1634 421 1679 et
433 1633 531 1693 captos
544 1624 690 1678 ostendere
703 1623 811 1677 civibus
824 1623 927 1689 hostes,

124 1753 125 1756 ,
213 1708 335 1776 Attingit
349 1708 449 1762 solium
460 1707 537 1776 Jovis
550 1716 578 1761 et
591 1707 723 1761 caelestia
735 1714 832 1760 tentat.

215 1790 390 1860 Principibus
403 1789 542 1860 placuisse
554 1789 630 1857 viris,
640 1807 697 1843 non
710 1789 809 1843 ultima
820 1789 881 1842 laus
894 1798 943 1842 est.

216 1875 283 1926 Non
296 1873 383 1926 cuivis
395 1873 503 1927 homini
516 1873 654 1942 contingit
666 1873 743 1926 adire
757 1872 931 1927 Corinthum.

217 1956 304 2023 Sedit,
317 1956 364 2027 qui
377 1956 470 2010 timuit
482 1973 518 2010 ne
530 1973 587 2010 non
601 1957 768 2010 succederet.
809 1958 896 2010 Esto:

218 2039 312 2107 Quid?
331 2039 379 2109 qui
389 2038 523 2108 pervenit,
537 2038 784 2100 fecitneviriliter?
821 2039 907 2109 Atqui

216 2121 272 2174 Hic
283 2130 332 2187 est,
343 2130 390 2174 aut
403 2138 550 2191 nusquam,
560 2122 635 2191 quod
648 2122 814 2192 quaerimus.
844 2122 900 2175 Hic
910 2139 980 2175 onus
991 2123 1091 2188 horret,

218 2205 258 2257 Ut
270 2203 363 2272 parvis
376 2203 477 2257 animis
491 2193 518 2256 et
531 2220 617 2272 parvo
630 2220 745 2273 corpore
758 2204 849 2272 majus
861 2223 867 2268 ;

217 2286 273 2339 Hic
287 2285 370 2351 subit,
383 2295 410 2339 et
421 2284 531 2354 perfert.
569 2286 626 2338 Aut
638 2285 726 2348 virtus
738 2301 842 2339 nomen
855 2286 936 2340 inane
949 2297 999 2354 est,

216 2370 273 2422 Aut
285 2368 371 2422 decus
384 2377 411 2422 et
423 2368 543 2437 pretium
555 2376 630 2421 recte
641 2368 712 2436 petit
725 2368 868 2437 experiens
881 2369 932 2422 vir.

219 2454 320 2505 Coram
332 2467 397 2521 rege
410 2468 460 2505 suo
473 2451 509 2504 de
521 2459 684 2520 paupertate
697 2459 822 2504 tacentes

218 2536 284 2588 Plus
297 2543 429 2605 poscente
441 2534 547 2599 ferent3
566 2533 660 2601 distat,
674 2550 805 2587 sumasne
817 2535 961 2603 pudenter,

216 2619 262 2671 An
274 2617 373 2686 rapias.
411 2617 496 2687 Atqui
509 2634 601 2671 rerum
613 2626 697 2686 caput
709 2617 763 2672 hoc
777 2627 843 2685 erat,
856 2618 901 2673 hic
914 2619 985 2674 lons.

219 2700 350 2754 Indotata
362 2701 430 2753 mihi
443 2716 521 2754 soror
533 2709 583 2767 est,
596 2700 765 2771 paupercula
776 2709 873 2768 mater,

217 2785 254 2837 Et
266 2783 368 2836 fundus
380 2800 431 2837 nec
444 2784 592 2837 vendibilis
605 2800 657 2838 nec
668 2773 785 2853 pascere
796 2784 901 2852 firmuS,

218 2867 273 2935 Qui
285 2866 361 2933 dicit,
375 2867 485 2934 clamat,
499 2867 612 2921 Victum
625 2867 707 2922 date:
728 2867 846 2920 succinit
858 2869 936 2934 alter,

217 2952 254 3004 Et
267 2950 335 3003 mihi
348 2950 462 3004 dividuo
474 2950 595 3004 findetur
606 2966 720 3004 munere
733 2951 848 3020 quadra.

217 3034 273 3090 Sed
286 3033 386 3087 tacitus
399 3033 477 3102 pasci
492 3033 515 3086 si
528 3042 622 3104 posset
635 3050 742 3101 corvus,
755 3033 870 3090 haberet

217 3118 282 3171 Plus
296 3117 385 3185 dapis,
398 3125 425 3170 et
438 3117 513 3170 rixae
525 3117 613 3170 multo
626 3117 718 3172 minus
731 3116 915 3187 invidiaeque.

216 3199 398 3254 Brundisium
410 3216 504 3253 comes
517 3209 566 3253 aut
579 3200 743 3254 Surrentum
756 3200 855 3254 ductus
868 3217 1026 3270 amoenum,

217 3283 272 3352 Qui
286 3282 409 3353 queritur
422 3283 546 3336 salebras
559 3290 586 3336 et
599 3283 731 3336 acerbum
744 3282 830 3352 frigus
843 3293 870 3338 et
883 3284 995 3353 imbres,
1050 3319 1053 3324 v

214 3367 271 3420 Aut
284 3365 385 3421 cistam
397 3365 540 3420 effractam
552 3374 579 3419 et
592 3365 730 3420 subducta
742 3367 845 3421 viatica
856 3368 946 3437 plorat
959 3389 966 3434 ;

216 3451 293 3503 Nota
305 3449 387 3504 refert
399 3449 551 3504 meretricis
564 3449 702 3517 acumina,
716 3466 799 3520 saepe
811 3452 948 3519 catellam,
1020 3485 1043 3522 55
