<?xml version="1.0" encoding="UTF-8"?>
<!DOCTYPE html PUBLIC "-//W3C//DTD XHTML 1.0 Transitional//EN"
    "http://www.w3.org/TR/xhtml1/DTD/xhtml1-transitional.dtd">
<html xmlns="http://www.w3.org/1999/xhtml" xml:lang="en" lang="en">
 <head>
  <title>
</title>
<meta http-equiv="Content-Type" content="text/html;charset=utf-8" />
  <meta name='ocr-system' content='tesseract 3.04.00' />
  <meta name='ocr-capabilities' content='ocr_page ocr_carea ocr_par ocr_line ocrx_word'/>
</head>
<body>
  <div class='ocr_page' id='page_1' title='image "./quintihoratiifl00milmgoog_0199.png"; bbox 0 0 2804 4176; ppageno 0'>
   <div class='ocr_carea' id='block_1_1' title="bbox 325 414 912 489">
    <p class='ocr_par' dir='ltr' id='par_1_1' title="bbox 325 414 912 489">
     <span class='ocr_line' id='line_1_1' title="bbox 325 414 912 489; baseline -0.003 -17"><span class='ocrx_word' id='word_1_1' title='bbox 325 417 384 489; x_wconf 87' lang='lat'><strong>176</strong></span> <span class='ocrx_word' id='word_1_2' title='bbox 575 414 706 472; x_wconf 72' lang='lat' dir='ltr'><strong>uonnsn</strong></span> <span class='ocrx_word' id='word_1_3' title='bbox 730 429 912 473; x_wconf 69' lang='lat' dir='ltr'><strong>sarmarum</strong></span> 
     </span>
    </p>
   </div>
   <div class='ocr_carea' id='block_1_2' title="bbox 323 557 1220 3534">
    <p class='ocr_par' dir='ltr' id='par_1_2' title="bbox 328 557 1081 712">
     <span class='ocr_line' id='line_1_2' title="bbox 328 557 1081 628; baseline -0.003 -15"><span class='ocrx_word' id='word_1_4' title='bbox 328 559 372 614; x_wconf 93' lang='lat' dir='ltr'><strong>Sit</strong></span> <span class='ocrx_word' id='word_1_5' title='bbox 383 559 474 612; x_wconf 86' lang='lat' dir='ltr'><strong>mihi?</strong></span> <span class='ocrx_word' id='word_1_6' title='bbox 512 557 587 628; x_wconf 82' lang='lat' dir='ltr'><strong>Quid</strong></span> <span class='ocrx_word' id='word_1_7' title='bbox 600 557 711 626; x_wconf 90' lang='lat' dir='ltr'><strong>faciam,</strong></span> <span class='ocrx_word' id='word_1_8' title='bbox 725 557 748 611; x_wconf 92' lang='lat' dir='ltr'><strong>si</strong></span> <span class='ocrx_word' id='word_1_9' title='bbox 761 557 866 612; x_wconf 88' lang='lat' dir='ltr'><strong>furtum</strong></span> <span class='ocrx_word' id='word_1_10' title='bbox 877 557 982 625; x_wconf 89' lang='lat' dir='ltr'><strong>fecerit,</strong></span> <span class='ocrx_word' id='word_1_11' title='bbox 996 566 1044 612; x_wconf 90' lang='lat' dir='ltr'><strong>aut</strong></span> <span class='ocrx_word' id='word_1_12' title='bbox 1058 559 1081 611; x_wconf 91' lang='lat' dir='ltr'><strong>si</strong></span> 
     </span>
     <span class='ocr_line' id='line_1_3' title="bbox 329 641 1054 712; baseline -0.001 -16"><span class='ocrx_word' id='word_1_13' title='bbox 329 641 486 696; x_wconf 90' lang='lat' dir='ltr'><strong>Prodiderit</strong></span> <span class='ocrx_word' id='word_1_14' title='bbox 499 642 651 696; x_wconf 88' lang='lat' dir='ltr'><strong>commissa</strong></span> <span class='ocrx_word' id='word_1_15' title='bbox 664 642 727 710; x_wconf 89' lang='lat' dir='ltr'><strong>fide,</strong></span> <span class='ocrx_word' id='word_1_16' title='bbox 741 656 912 712; x_wconf 83' lang='lat' dir='ltr'><strong>sponsumve</strong></span> <span class='ocrx_word' id='word_1_17' title='bbox 924 642 1054 712; x_wconf 86' lang='lat' dir='ltr'><strong>negarit?</strong></span> 
     </span>
    </p>

    <p class='ocr_par' dir='ltr' id='par_1_3' title="bbox 329 724 1044 795">
     <span class='ocr_line' id='line_1_4' title="bbox 329 724 1044 795; baseline 0 -17"><span class='ocrx_word' id='word_1_18' title='bbox 329 725 399 794; x_wconf 79' lang='lat' dir='ltr'><strong>Quis</strong></span> <span class='ocrx_word' id='word_1_19' title='bbox 411 725 491 795; x_wconf 92' lang='lat' dir='ltr'><strong>paria</strong></span> <span class='ocrx_word' id='word_1_20' title='bbox 503 741 565 780; x_wconf 90' lang='lat' dir='ltr'><strong>esse</strong></span> <span class='ocrx_word' id='word_1_21' title='bbox 577 724 634 778; x_wconf 90' lang='lat' dir='ltr'><strong>fere</strong></span> <span class='ocrx_word' id='word_1_22' title='bbox 646 725 752 795; x_wconf 78' lang='lat' dir='ltr'>placuit</span> <span class='ocrx_word' id='word_1_23' title='bbox 764 735 891 794; x_wconf 90' lang='lat' dir='ltr'><strong>peccata,</strong></span> <span class='ocrx_word' id='word_1_24' title='bbox 904 724 1044 791; x_wconf 88' lang='lat' dir='ltr'><strong>laborant,</strong></span> 
     </span>
    </p>

    <p class='ocr_par' dir='ltr' id='par_1_4' title="bbox 328 808 1220 961">
     <span class='ocr_line' id='line_1_5' title="bbox 331 808 1220 878; baseline -0.002 -16"><span class='ocrx_word' id='word_1_25' title='bbox 331 809 401 862; x_wconf 90' lang='lat' dir='ltr'><strong>Cum</strong></span> <span class='ocrx_word' id='word_1_26' title='bbox 413 817 530 863; x_wconf 90' lang='lat' dir='ltr'><strong>ventum</strong></span> <span class='ocrx_word' id='word_1_27' title='bbox 542 808 579 861; x_wconf 90' lang='lat' dir='ltr'><strong>ad</strong></span> <span class='ocrx_word' id='word_1_28' title='bbox 591 825 688 862; x_wconf 89' lang='lat' dir='ltr'><strong>verum</strong></span> <span class='ocrx_word' id='word_1_29' title='bbox 701 816 761 862; x_wconf 92' lang='lat' dir='ltr'><strong>est:</strong></span> <span class='ocrx_word' id='word_1_30' title='bbox 782 825 880 862; x_wconf 90' lang='lat' dir='ltr'><strong>sensus</strong></span> <span class='ocrx_word' id='word_1_31' title='bbox 894 825 1041 878; x_wconf 91' lang='lat' dir='ltr'><strong>moresque</strong></span> <span class='ocrx_word' id='word_1_32' title='bbox 1054 816 1220 878; x_wconf 87' lang='lat' dir='ltr'>repugnant,</span> 
     </span>
     <span class='ocr_line' id='line_1_6' title="bbox 328 884 1046 961; baseline 0.003 -18"><span class='ocrx_word' id='word_1_33' title='bbox 328 884 422 961; x_wconf 85' lang='lat' dir='ltr'><strong>Atque</strong></span> <span class='ocrx_word' id='word_1_34' title='bbox 435 890 497 960; x_wconf 90' lang='lat' dir='ltr'><strong>ipsa</strong></span> <span class='ocrx_word' id='word_1_35' title='bbox 509 889 624 958; x_wconf 79' lang='lat' dir='ltr'><strong>utilitaS,</strong></span> <span class='ocrx_word' id='word_1_36' title='bbox 634 890 702 959; x_wconf 91' lang='lat' dir='ltr'><strong>justi</strong></span> <span class='ocrx_word' id='word_1_37' title='bbox 715 907 803 960; x_wconf 88' lang='lat' dir='ltr'>prope</span> <span class='ocrx_word' id='word_1_38' title='bbox 815 898 906 944; x_wconf 93' lang='lat' dir='ltr'><strong>mater</strong></span> <span class='ocrx_word' id='word_1_39' title='bbox 918 901 945 945; x_wconf 92' lang='lat' dir='ltr'><strong>et</strong></span> <span class='ocrx_word' id='word_1_40' title='bbox 958 890 1046 961; x_wconf 90' lang='lat' dir='ltr'><strong>aequi.</strong></span> 
     </span>
    </p>

    <p class='ocr_par' dir='ltr' id='par_1_5' title="bbox 330 974 966 1044">
     <span class='ocr_line' id='line_1_7' title="bbox 330 974 966 1044; baseline 0 -16"><span class='ocrx_word' id='word_1_41' title='bbox 330 975 403 1028; x_wconf 90' lang='lat' dir='ltr'><strong>Cum</strong></span> <span class='ocrx_word' id='word_1_42' title='bbox 415 983 611 1044; x_wconf 88' lang='lat' dir='ltr'><strong>prorepserunt</strong></span> <span class='ocrx_word' id='word_1_43' title='bbox 624 974 721 1043; x_wconf 90' lang='lat' dir='ltr'><strong>primis</strong></span> <span class='ocrx_word' id='word_1_44' title='bbox 731 975 865 1028; x_wconf 88' lang='lat' dir='ltr'><strong>animalia</strong></span> <span class='ocrx_word' id='word_1_45' title='bbox 877 974 966 1043; x_wconf 89' lang='lat' dir='ltr'><strong>terris,</strong></span> 
     </span>
    </p>

    <p class='ocr_par' dir='ltr' id='par_1_6' title="bbox 328 1057 1167 1460">
     <span class='ocr_line' id='line_1_8' title="bbox 329 1057 1167 1127; baseline 0 -17"><span class='ocrx_word' id='word_1_46' title='bbox 329 1058 442 1112; x_wconf 91' lang='lat' dir='ltr'><strong>Mutum</strong></span> <span class='ocrx_word' id='word_1_47' title='bbox 455 1067 482 1112; x_wconf 93' lang='lat' dir='ltr'><strong>et</strong></span> <span class='ocrx_word' id='word_1_48' title='bbox 495 1066 575 1127; x_wconf 86' lang='lat' dir='ltr'><strong>turpe</strong></span> <span class='ocrx_word' id='word_1_49' title='bbox 588 1074 682 1127; x_wconf 88' lang='lat' dir='ltr'><strong>pecus,</strong></span> <span class='ocrx_word' id='word_1_50' title='bbox 695 1057 828 1126; x_wconf 83' lang='lat' dir='ltr'><strong>glandem</strong></span> <span class='ocrx_word' id='word_1_51' title='bbox 842 1067 926 1127; x_wconf 91' lang='lat' dir='ltr'><strong>atque</strong></span> <span class='ocrx_word' id='word_1_52' title='bbox 939 1057 1042 1111; x_wconf 89' lang='lat' dir='ltr'><strong>cubilia</strong></span> <span class='ocrx_word' id='word_1_53' title='bbox 1054 1067 1167 1126; x_wconf 93' lang='lat' dir='ltr'><strong>propter</strong></span> 
     </span>
     <span class='ocr_line' id='line_1_9' title="bbox 330 1140 1111 1212; baseline 0 -18"><span class='ocrx_word' id='word_1_54' title='bbox 330 1141 482 1210; x_wconf 84' lang='lat' dir='ltr'>Unguibus</span> <span class='ocrx_word' id='word_1_55' title='bbox 496 1151 523 1195; x_wconf 94' lang='lat' dir='ltr'><strong>et</strong></span> <span class='ocrx_word' id='word_1_56' title='bbox 535 1140 645 1211; x_wconf 84' lang='lat' dir='ltr'><strong>pugnis,</strong></span> <span class='ocrx_word' id='word_1_57' title='bbox 659 1140 724 1194; x_wconf 91' lang='lat' dir='ltr'><strong>dein</strong></span> <span class='ocrx_word' id='word_1_58' title='bbox 737 1140 866 1208; x_wconf 90' lang='lat' dir='ltr'><strong>fustibus,</strong></span> <span class='ocrx_word' id='word_1_59' title='bbox 880 1149 964 1212; x_wconf 91' lang='lat' dir='ltr'><strong>atque</strong></span> <span class='ocrx_word' id='word_1_60' title='bbox 977 1141 1017 1195; x_wconf 88' lang='lat' dir='ltr'><strong>ita</strong></span> <span class='ocrx_word' id='word_1_61' title='bbox 1028 1157 1111 1210; x_wconf 93' lang='lat' dir='ltr'><strong>porro</strong></span> 
     </span>
     <span class='ocr_line' id='line_1_10' title="bbox 329 1223 1063 1294; baseline -0.001 -16"><span class='ocrx_word' id='word_1_62' title='bbox 329 1225 496 1293; x_wconf 88' lang='lat' dir='ltr'><strong>Pugnabant</strong></span> <span class='ocrx_word' id='word_1_63' title='bbox 509 1224 603 1291; x_wconf 88' lang='lat' dir='ltr'><strong>armis,</strong></span> <span class='ocrx_word' id='word_1_64' title='bbox 616 1240 690 1294; x_wconf 88' lang='lat' dir='ltr'><strong>quae</strong></span> <span class='ocrx_word' id='word_1_65' title='bbox 702 1233 767 1292; x_wconf 93' lang='lat' dir='ltr'><strong>post</strong></span> <span class='ocrx_word' id='word_1_66' title='bbox 780 1223 965 1278; x_wconf 80' lang='lat' dir='ltr'><strong>fabricaverat</strong></span> <span class='ocrx_word' id='word_1_67' title='bbox 978 1241 1045 1277; x_wconf 92' lang='lat' dir='ltr'><strong>usus</strong></span> <span class='ocrx_word' id='word_1_68' title='bbox 1056 1243 1063 1288; x_wconf 86' lang='lat'>余</span> 
     </span>
     <span class='ocr_line' id='line_1_11' title="bbox 329 1306 1060 1377; baseline -0.001 -17"><span class='ocrx_word' id='word_1_69' title='bbox 329 1309 427 1360; x_wconf 89' lang='lat' dir='ltr'><strong>Donec</strong></span> <span class='ocrx_word' id='word_1_70' title='bbox 439 1307 533 1374; x_wconf 86' lang='lat' dir='ltr'><strong>verba,</strong></span> <span class='ocrx_word' id='word_1_71' title='bbox 547 1306 648 1377; x_wconf 93' lang='lat' dir='ltr'><strong>quibus</strong></span> <span class='ocrx_word' id='word_1_72' title='bbox 660 1322 744 1359; x_wconf 89' lang='lat' dir='ltr'><strong>voces</strong></span> <span class='ocrx_word' id='word_1_73' title='bbox 757 1322 911 1376; x_wconf 89' lang='lat' dir='ltr'><strong>sensusque</strong></span> <span class='ocrx_word' id='word_1_74' title='bbox 923 1315 1060 1371; x_wconf 89' lang='lat' dir='ltr'><strong>notarent,</strong></span> 
     </span>
     <span class='ocr_line' id='line_1_12' title="bbox 328 1388 1034 1460; baseline -0.001 -17"><span class='ocrx_word' id='word_1_75' title='bbox 328 1391 508 1460; x_wconf 90' lang='lat' dir='ltr'><strong>Nominaque</strong></span> <span class='ocrx_word' id='word_1_76' title='bbox 520 1389 666 1442; x_wconf 89' lang='lat' dir='ltr'><strong>invenere:</strong></span> <span class='ocrx_word' id='word_1_77' title='bbox 687 1388 788 1441; x_wconf 90' lang='lat' dir='ltr'><strong>dehinc</strong></span> <span class='ocrx_word' id='word_1_78' title='bbox 802 1388 937 1442; x_wconf 88' lang='lat' dir='ltr'><strong>absistere</strong></span> <span class='ocrx_word' id='word_1_79' title='bbox 949 1389 1034 1456; x_wconf 85' lang='lat' dir='ltr'><strong>bellu,</strong></span> 
     </span>
    </p>

    <p class='ocr_par' dir='ltr' id='par_1_7' title="bbox 331 1470 993 1542">
     <span class='ocr_line' id='line_1_13' title="bbox 331 1470 993 1542; baseline -0.005 -16"><span class='ocrx_word' id='word_1_80' title='bbox 331 1472 446 1542; x_wconf 91' lang='lat' dir='ltr'><strong>Oppida</strong></span> <span class='ocrx_word' id='word_1_81' title='bbox 458 1481 610 1541; x_wconf 90' lang='lat' dir='ltr'><strong>coeperunt</strong></span> <span class='ocrx_word' id='word_1_82' title='bbox 621 1470 738 1538; x_wconf 90' lang='lat' dir='ltr'><strong>munire,</strong></span> <span class='ocrx_word' id='word_1_83' title='bbox 752 1479 779 1524; x_wconf 91' lang='lat' dir='ltr'><strong>et</strong></span> <span class='ocrx_word' id='word_1_84' title='bbox 791 1486 896 1540; x_wconf 91' lang='lat' dir='ltr'><strong>ponere</strong></span> <span class='ocrx_word' id='word_1_85' title='bbox 908 1471 993 1539; x_wconf 91' lang='lat' dir='ltr'><strong>leges,</strong></span> 
     </span>
    </p>

    <p class='ocr_par' dir='ltr' id='par_1_8' title="bbox 329 1552 1034 1626">
     <span class='ocr_line' id='line_1_14' title="bbox 329 1552 1034 1626; baseline -0.009 -18"><span class='ocrx_word' id='word_1_86' title='bbox 329 1557 375 1610; x_wconf 91' lang='lat' dir='ltr'><strong>Ne</strong></span> <span class='ocrx_word' id='word_1_87' title='bbox 388 1555 450 1626; x_wconf 87' lang='lat' dir='ltr'><strong>quis</strong></span> <span class='ocrx_word' id='word_1_88' title='bbox 463 1554 506 1608; x_wconf 93' lang='lat' dir='ltr'><strong>fur</strong></span> <span class='ocrx_word' id='word_1_89' title='bbox 519 1564 601 1622; x_wconf 90' lang='lat' dir='ltr'><strong>esset,</strong></span> <span class='ocrx_word' id='word_1_90' title='bbox 614 1571 669 1607; x_wconf 92' lang='lat' dir='ltr'><strong>neu</strong></span> <span class='ocrx_word' id='word_1_91' title='bbox 681 1554 762 1620; x_wconf 89' lang='lat' dir='ltr'><strong>latro,</strong></span> <span class='ocrx_word' id='word_1_92' title='bbox 774 1569 829 1607; x_wconf 93' lang='lat' dir='ltr'><strong>neu</strong></span> <span class='ocrx_word' id='word_1_93' title='bbox 842 1552 905 1623; x_wconf 88' lang='lat' dir='ltr'><strong>quis</strong></span> <span class='ocrx_word' id='word_1_94' title='bbox 918 1553 1034 1607; x_wconf 86' lang='lat' dir='ltr'><strong>adulter.</strong></span> 
     </span>
    </p>

    <p class='ocr_par' dir='ltr' id='par_1_9' title="bbox 330 1635 1061 1787">
     <span class='ocr_line' id='line_1_15' title="bbox 330 1635 1061 1691; baseline -0.003 -1"><span class='ocrx_word' id='word_1_95' title='bbox 330 1639 406 1690; x_wconf 91' lang='lat' dir='ltr'><strong>Nam</strong></span> <span class='ocrx_word' id='word_1_96' title='bbox 420 1637 471 1690; x_wconf 90' lang='lat' dir='ltr'><strong>fuit</strong></span> <span class='ocrx_word' id='word_1_97' title='bbox 485 1644 550 1691; x_wconf 90' lang='lat' dir='ltr'><strong>ante</strong></span> <span class='ocrx_word' id='word_1_98' title='bbox 565 1636 705 1690; x_wconf 82' lang='lat' dir='ltr'><strong>Helenam</strong></span> <span class='ocrx_word' id='word_1_99' title='bbox 718 1652 827 1689; x_wconf 92' lang='lat' dir='ltr'><strong>cunnus</strong></span> <span class='ocrx_word' id='word_1_100' title='bbox 840 1635 983 1688; x_wconf 91' lang='lat' dir='ltr'><strong>teterrima</strong></span> <span class='ocrx_word' id='word_1_101' title='bbox 995 1635 1061 1688; x_wconf 87' lang='lat' dir='ltr'><strong>belli</strong></span> 
     </span>
     <span class='ocr_line' id='line_1_16' title="bbox 330 1717 992 1787; baseline -0.005 -15"><span class='ocrx_word' id='word_1_102' title='bbox 330 1720 439 1773; x_wconf 86' lang='lat' dir='ltr'><strong>Causa:</strong></span> <span class='ocrx_word' id='word_1_103' title='bbox 461 1718 511 1772; x_wconf 94' lang='lat' dir='ltr'><strong>sed</strong></span> <span class='ocrx_word' id='word_1_104' title='bbox 523 1717 626 1787; x_wconf 88' lang='lat' dir='ltr'><strong>ignotis</strong></span> <span class='ocrx_word' id='word_1_105' title='bbox 639 1717 782 1787; x_wconf 91' lang='lat' dir='ltr'><strong>perierunt</strong></span> <span class='ocrx_word' id='word_1_106' title='bbox 794 1717 932 1771; x_wconf 88' lang='lat' dir='ltr'><strong>mortibus</strong></span> <span class='ocrx_word' id='word_1_107' title='bbox 945 1717 992 1783; x_wconf 92' lang='lat' dir='ltr'><strong>illi,</strong></span> 
     </span>
    </p>

    <p class='ocr_par' dir='ltr' id='par_1_10' title="bbox 326 1800 1076 1952">
     <span class='ocr_line' id='line_1_17' title="bbox 329 1800 1076 1871; baseline -0.005 -15"><span class='ocrx_word' id='word_1_108' title='bbox 329 1803 407 1871; x_wconf 83' lang='lat' dir='ltr'><strong>Quos</strong></span> <span class='ocrx_word' id='word_1_109' title='bbox 420 1818 550 1855; x_wconf 89' lang='lat' dir='ltr'><strong>venerem</strong></span> <span class='ocrx_word' id='word_1_110' title='bbox 564 1801 700 1854; x_wconf 87' lang='lat' dir='ltr'><strong>incertam</strong></span> <span class='ocrx_word' id='word_1_111' title='bbox 711 1800 852 1870; x_wconf 87' lang='lat' dir='ltr'><strong>rapientes</strong></span> <span class='ocrx_word' id='word_1_112' title='bbox 864 1817 942 1854; x_wconf 93' lang='lat' dir='ltr'><strong>more</strong></span> <span class='ocrx_word' id='word_1_113' title='bbox 955 1800 1076 1854; x_wconf 90' lang='lat' dir='ltr'><strong>ferarum</strong></span> 
     </span>
     <span class='ocr_line' id='line_1_18' title="bbox 326 1883 1006 1952; baseline 0 -14"><span class='ocrx_word' id='word_1_114' title='bbox 326 1885 440 1938; x_wconf 90' lang='lat' dir='ltr'><strong>Viribus</strong></span> <span class='ocrx_word' id='word_1_115' title='bbox 453 1884 555 1938; x_wconf 90' lang='lat' dir='ltr'><strong>editior</strong></span> <span class='ocrx_word' id='word_1_116' title='bbox 566 1884 710 1952; x_wconf 90' lang='lat' dir='ltr'><strong>caedebat,</strong></span> <span class='ocrx_word' id='word_1_117' title='bbox 723 1893 753 1937; x_wconf 92' lang='lat' dir='ltr'><strong>ut</strong></span> <span class='ocrx_word' id='word_1_118' title='bbox 766 1883 795 1937; x_wconf 91' lang='lat' dir='ltr'><strong>in</strong></span> <span class='ocrx_word' id='word_1_119' title='bbox 807 1901 891 1952; x_wconf 86' lang='lat' dir='ltr'><strong>grege</strong></span> <span class='ocrx_word' id='word_1_120' title='bbox 903 1892 1006 1938; x_wconf 90' lang='lat' dir='ltr'><strong>taurus.</strong></span> 
     </span>
    </p>

    <p class='ocr_par' dir='ltr' id='par_1_11' title="bbox 326 1965 1023 2120">
     <span class='ocr_line' id='line_1_19' title="bbox 326 1965 1023 2038; baseline -0.001 -16"><span class='ocrx_word' id='word_1_121' title='bbox 326 1969 394 2038; x_wconf 85' lang='lat' dir='ltr'><strong>Jura</strong></span> <span class='ocrx_word' id='word_1_122' title='bbox 406 1968 520 2021; x_wconf 92' lang='lat' dir='ltr'><strong>inventa</strong></span> <span class='ocrx_word' id='word_1_123' title='bbox 532 1977 608 2021; x_wconf 93' lang='lat' dir='ltr'><strong>metu</strong></span> <span class='ocrx_word' id='word_1_124' title='bbox 621 1966 717 2036; x_wconf 87' lang='lat' dir='ltr'><strong>injusti</strong></span> <span class='ocrx_word' id='word_1_125' title='bbox 729 1965 833 2020; x_wconf 85' lang='lat' dir='ltr'><strong>fateare</strong></span> <span class='ocrx_word' id='word_1_126' title='bbox 846 1983 960 2021; x_wconf 88' lang='lat' dir='ltr'><strong>necesse</strong></span> <span class='ocrx_word' id='word_1_127' title='bbox 973 1976 1023 2028; x_wconf 89' lang='lat' dir='ltr'><strong>est,</strong></span> 
     </span>
     <span class='ocr_line' id='line_1_20' title="bbox 327 2049 998 2120; baseline -0.003 -16"><span class='ocrx_word' id='word_1_128' title='bbox 327 2052 469 2120; x_wconf 89' lang='lat' dir='ltr'><strong>Tempora</strong></span> <span class='ocrx_word' id='word_1_129' title='bbox 482 2050 506 2104; x_wconf 91' lang='lat' dir='ltr'><strong>si</strong></span> <span class='ocrx_word' id='word_1_130' title='bbox 518 2049 661 2120; x_wconf 91' lang='lat' dir='ltr'><strong>fastosque</strong></span> <span class='ocrx_word' id='word_1_131' title='bbox 670 2050 739 2104; x_wconf 90' lang='lat' dir='ltr'><strong>velis</strong></span> <span class='ocrx_word' id='word_1_132' title='bbox 753 2051 879 2104; x_wconf 88' lang='lat' dir='ltr'><strong>evolvere</strong></span> <span class='ocrx_word' id='word_1_133' title='bbox 891 2050 998 2104; x_wconf 88' lang='lat' dir='ltr'><strong>mundi.</strong></span> 
     </span>
    </p>

    <p class='ocr_par' dir='ltr' id='par_1_12' title="bbox 329 2133 1001 2204">
     <span class='ocr_line' id='line_1_21' title="bbox 329 2133 1001 2204; baseline -0.001 -17"><span class='ocrx_word' id='word_1_134' title='bbox 329 2135 391 2188; x_wconf 91' lang='lat' dir='ltr'><strong>Nec</strong></span> <span class='ocrx_word' id='word_1_135' title='bbox 404 2142 505 2188; x_wconf 88' lang='lat' dir='ltr'><strong>natura</strong></span> <span class='ocrx_word' id='word_1_136' title='bbox 517 2142 610 2202; x_wconf 91' lang='lat' dir='ltr'><strong>potest</strong></span> <span class='ocrx_word' id='word_1_137' title='bbox 618 2133 695 2202; x_wconf 90' lang='lat' dir='ltr'><strong>justo</strong></span> <span class='ocrx_word' id='word_1_138' title='bbox 709 2150 852 2188; x_wconf 91' lang='lat' dir='ltr'><strong>secernere</strong></span> <span class='ocrx_word' id='word_1_139' title='bbox 865 2134 1001 2204; x_wconf 91' lang='lat' dir='ltr'><strong>iniquum,</strong></span> 
     </span>
    </p>

    <p class='ocr_par' dir='ltr' id='par_1_13' title="bbox 327 2216 1010 2288">
     <span class='ocr_line' id='line_1_22' title="bbox 327 2216 1010 2288; baseline -0.001 -17"><span class='ocrx_word' id='word_1_140' title='bbox 327 2216 436 2271; x_wconf 86' lang='lat' dir='ltr'><strong>Dividit</strong></span> <span class='ocrx_word' id='word_1_141' title='bbox 449 2225 480 2270; x_wconf 94' lang='lat' dir='ltr'><strong>ut</strong></span> <span class='ocrx_word' id='word_1_142' title='bbox 491 2217 568 2288; x_wconf 84' lang='lat' dir='ltr'><strong>bona</strong></span> <span class='ocrx_word' id='word_1_143' title='bbox 579 2216 705 2284; x_wconf 88' lang='lat' dir='ltr'><strong>diversis,</strong></span> <span class='ocrx_word' id='word_1_144' title='bbox 718 2217 852 2286; x_wconf 90' lang='lat' dir='ltr'><strong>fugienda</strong></span> <span class='ocrx_word' id='word_1_145' title='bbox 864 2217 1010 2286; x_wconf 88' lang='lat' dir='ltr'><strong>petendis:</strong></span> 
     </span>
    </p>

    <p class='ocr_par' dir='ltr' id='par_1_14' title="bbox 329 2299 1132 2454">
     <span class='ocr_line' id='line_1_23' title="bbox 331 2299 1132 2370; baseline -0.001 -16"><span class='ocrx_word' id='word_1_146' title='bbox 331 2302 393 2354; x_wconf 90' lang='lat' dir='ltr'><strong>Nec</strong></span> <span class='ocrx_word' id='word_1_147' title='bbox 404 2300 497 2354; x_wconf 89' lang='lat' dir='ltr'><strong>vincet</strong></span> <span class='ocrx_word' id='word_1_148' title='bbox 509 2299 581 2354; x_wconf 89' lang='lat' dir='ltr'><strong>ratio</strong></span> <span class='ocrx_word' id='word_1_149' title='bbox 593 2299 656 2367; x_wconf 90' lang='lat' dir='ltr'><strong>hoc,</strong></span> <span class='ocrx_word' id='word_1_150' title='bbox 669 2299 837 2354; x_wconf 88' lang='lat' dir='ltr'><strong>tantundem</strong></span> <span class='ocrx_word' id='word_1_151' title='bbox 849 2308 879 2354; x_wconf 93' lang='lat' dir='ltr'><strong>ut</strong></span> <span class='ocrx_word' id='word_1_152' title='bbox 891 2309 989 2370; x_wconf 88' lang='lat' dir='ltr'><strong>peccet</strong></span> <span class='ocrx_word' id='word_1_153' title='bbox 1002 2301 1132 2370; x_wconf 90' lang='lat' dir='ltr'><strong>idemque</strong></span> 
     </span>
     <span class='ocr_line' id='line_1_24' title="bbox 329 2382 929 2454; baseline -0.003 -16"><span class='ocrx_word' id='word_1_154' title='bbox 329 2383 383 2454; x_wconf 85' lang='lat' dir='ltr'><strong>Qui</strong></span> <span class='ocrx_word' id='word_1_155' title='bbox 397 2393 507 2438; x_wconf 91' lang='lat' dir='ltr'><strong>teneros</strong></span> <span class='ocrx_word' id='word_1_156' title='bbox 521 2384 614 2436; x_wconf 89' lang='lat' dir='ltr'><strong>caules</strong></span> <span class='ocrx_word' id='word_1_157' title='bbox 627 2382 710 2436; x_wconf 88' lang='lat' dir='ltr'><strong>alieni</strong></span> <span class='ocrx_word' id='word_1_158' title='bbox 722 2382 835 2452; x_wconf 85' lang='lat' dir='ltr'><strong>fregerit</strong></span> <span class='ocrx_word' id='word_1_159' title='bbox 847 2383 929 2452; x_wconf 90' lang='lat' dir='ltr'><strong>horti,</strong></span> 
     </span>
    </p>

    <p class='ocr_par' dir='ltr' id='par_1_15' title="bbox 326 2464 1043 2620">
     <span class='ocr_line' id='line_1_25' title="bbox 326 2464 1043 2538; baseline -0.003 -17"><span class='ocrx_word' id='word_1_160' title='bbox 326 2469 365 2522; x_wconf 91' lang='lat' dir='ltr'><strong>Et</strong></span> <span class='ocrx_word' id='word_1_161' title='bbox 378 2466 425 2538; x_wconf 87' lang='lat' dir='ltr'><strong>qui</strong></span> <span class='ocrx_word' id='word_1_162' title='bbox 438 2474 591 2521; x_wconf 90' lang='lat' dir='ltr'><strong>nocturnus</strong></span> <span class='ocrx_word' id='word_1_163' title='bbox 605 2482 686 2520; x_wconf 88' lang='lat' dir='ltr'><strong>sacra</strong></span> <span class='ocrx_word' id='word_1_164' title='bbox 700 2466 806 2520; x_wconf 91' lang='lat' dir='ltr'><strong>Divum</strong></span> <span class='ocrx_word' id='word_1_165' title='bbox 818 2465 922 2536; x_wconf 86' lang='lat' dir='ltr'><strong>legerit.</strong></span> <span class='ocrx_word' id='word_1_166' title='bbox 959 2464 1043 2519; x_wconf 86' lang='lat' dir='ltr'><strong>Adsit</strong></span> 
     </span>
     <span class='ocr_line' id='line_1_26' title="bbox 327 2550 1021 2620; baseline -0.004 -15"><span class='ocrx_word' id='word_1_167' title='bbox 327 2550 443 2620; x_wconf 86' lang='lat' dir='ltr'><strong>Regula,</strong></span> <span class='ocrx_word' id='word_1_168' title='bbox 456 2550 579 2620; x_wconf 87' lang='lat' dir='ltr'><strong>peccatis</strong></span> <span class='ocrx_word' id='word_1_169' title='bbox 592 2566 664 2620; x_wconf 89' lang='lat' dir='ltr'><strong>quae</strong></span> <span class='ocrx_word' id='word_1_170' title='bbox 675 2567 781 2619; x_wconf 89' lang='lat' dir='ltr'><strong>poenas</strong></span> <span class='ocrx_word' id='word_1_171' title='bbox 795 2550 897 2618; x_wconf 91' lang='lat' dir='ltr'><strong>irroget</strong></span> <span class='ocrx_word' id='word_1_172' title='bbox 909 2565 1021 2620; x_wconf 80' lang='lat' dir='ltr'><strong>aequaS,</strong></span> 
     </span>
    </p>

    <p class='ocr_par' dir='ltr' id='par_1_16' title="bbox 328 2632 1010 2704">
     <span class='ocr_line' id='line_1_27' title="bbox 328 2632 1010 2704; baseline -0.006 -16"><span class='ocrx_word' id='word_1_173' title='bbox 328 2636 374 2688; x_wconf 95' lang='lat' dir='ltr'><strong>Ne</strong></span> <span class='ocrx_word' id='word_1_174' title='bbox 387 2633 494 2688; x_wconf 89' lang='lat' dir='ltr'><strong>scutica</strong></span> <span class='ocrx_word' id='word_1_175' title='bbox 506 2632 623 2702; x_wconf 89' lang='lat' dir='ltr'><strong>dignum</strong></span> <span class='ocrx_word' id='word_1_176' title='bbox 635 2632 762 2686; x_wconf 91' lang='lat' dir='ltr'><strong>horribili</strong></span> <span class='ocrx_word' id='word_1_177' title='bbox 776 2640 881 2686; x_wconf 92' lang='lat' dir='ltr'><strong>sectere</strong></span> <span class='ocrx_word' id='word_1_178' title='bbox 893 2632 1010 2704; x_wconf 83' lang='lat' dir='ltr'><strong>flagello.</strong></span> 
     </span>
    </p>

    <p class='ocr_par' dir='ltr' id='par_1_17' title="bbox 324 2715 1058 2866">
     <span class='ocr_line' id='line_1_28' title="bbox 327 2715 1043 2785; baseline -0.003 -15"><span class='ocrx_word' id='word_1_179' title='bbox 327 2719 412 2785; x_wconf 88' lang='lat' dir='ltr'><strong>Nam,</strong></span> <span class='ocrx_word' id='word_1_180' title='bbox 426 2727 456 2771; x_wconf 94' lang='lat' dir='ltr'><strong>ut</strong></span> <span class='ocrx_word' id='word_1_181' title='bbox 468 2717 556 2771; x_wconf 90' lang='lat' dir='ltr'><strong>serula</strong></span> <span class='ocrx_word' id='word_1_182' title='bbox 568 2715 670 2770; x_wconf 89' lang='lat' dir='ltr'><strong>caedas</strong></span> <span class='ocrx_word' id='word_1_183' title='bbox 683 2715 814 2769; x_wconf 91' lang='lat' dir='ltr'><strong>meritum</strong></span> <span class='ocrx_word' id='word_1_184' title='bbox 827 2715 935 2784; x_wconf 91' lang='lat' dir='ltr'><strong>majora</strong></span> <span class='ocrx_word' id='word_1_185' title='bbox 948 2715 1043 2769; x_wconf 90' lang='lat' dir='ltr'><strong>subire</strong></span> 
     </span>
     <span class='ocr_line' id='line_1_29' title="bbox 324 2798 1058 2866; baseline -0.005 -12"><span class='ocrx_word' id='word_1_186' title='bbox 324 2801 457 2866; x_wconf 89' lang='lat' dir='ltr'><strong>Verbera,</strong></span> <span class='ocrx_word' id='word_1_187' title='bbox 470 2816 528 2853; x_wconf 92' lang='lat' dir='ltr'><strong>non</strong></span> <span class='ocrx_word' id='word_1_188' title='bbox 539 2815 637 2852; x_wconf 89' lang='lat' dir='ltr'><strong>vereor</strong></span> <span class='ocrx_word' id='word_1_189' title='bbox 648 2817 655 2864; x_wconf 91' lang='lat'>余</span> <span class='ocrx_word' id='word_1_190' title='bbox 675 2815 739 2852; x_wconf 94' lang='lat' dir='ltr'><strong>cum</strong></span> <span class='ocrx_word' id='word_1_191' title='bbox 752 2798 830 2851; x_wconf 90' lang='lat' dir='ltr'><strong>dicas</strong></span> <span class='ocrx_word' id='word_1_192' title='bbox 844 2814 905 2851; x_wconf 91' lang='lat' dir='ltr'><strong>esse</strong></span> <span class='ocrx_word' id='word_1_193' title='bbox 918 2813 1000 2866; x_wconf 91' lang='lat' dir='ltr'><strong>pares</strong></span> <span class='ocrx_word' id='word_1_194' title='bbox 1013 2813 1058 2852; x_wconf 92' lang='lat' dir='ltr'><strong>res</strong></span> 
     </span>
    </p>

    <p class='ocr_par' dir='ltr' id='par_1_18' title="bbox 326 2879 978 2949">
     <span class='ocr_line' id='line_1_30' title="bbox 326 2879 978 2949; baseline -0.005 -13"><span class='ocrx_word' id='word_1_195' title='bbox 326 2884 413 2937; x_wconf 89' lang='lat' dir='ltr'><strong>Furta</strong></span> <span class='ocrx_word' id='word_1_196' title='bbox 424 2881 587 2949; x_wconf 85' lang='lat' dir='ltr'><strong>latrociniis,</strong></span> <span class='ocrx_word' id='word_1_197' title='bbox 600 2890 628 2934; x_wconf 92' lang='lat' dir='ltr'><strong>et</strong></span> <span class='ocrx_word' id='word_1_198' title='bbox 640 2879 751 2949; x_wconf 90' lang='lat' dir='ltr'><strong>magnis</strong></span> <span class='ocrx_word' id='word_1_199' title='bbox 764 2897 851 2949; x_wconf 91' lang='lat' dir='ltr'><strong>parva</strong></span> <span class='ocrx_word' id='word_1_200' title='bbox 863 2879 978 2933; x_wconf 91' lang='lat' dir='ltr'><strong>mineris</strong></span> 
     </span>
    </p>

    <p class='ocr_par' dir='ltr' id='par_1_19' title="bbox 326 2962 952 3031">
     <span class='ocr_line' id='line_1_31' title="bbox 326 2962 952 3031; baseline -0.003 -13"><span class='ocrx_word' id='word_1_201' title='bbox 326 2965 411 3018; x_wconf 90' lang='lat' dir='ltr'><strong>Falce</strong></span> <span class='ocrx_word' id='word_1_202' title='bbox 424 2964 577 3018; x_wconf 89' lang='lat' dir='ltr'><strong>recisurum</strong></span> <span class='ocrx_word' id='word_1_203' title='bbox 590 2963 674 3017; x_wconf 93' lang='lat' dir='ltr'><strong>simili</strong></span> <span class='ocrx_word' id='word_1_204' title='bbox 687 2972 724 3029; x_wconf 93' lang='lat' dir='ltr'><strong>te,</strong></span> <span class='ocrx_word' id='word_1_205' title='bbox 738 2962 762 3016; x_wconf 87' lang='lat' dir='ltr'><strong>si</strong></span> <span class='ocrx_word' id='word_1_206' title='bbox 775 2962 825 3016; x_wconf 93' lang='lat' dir='ltr'><strong>tibi</strong></span> <span class='ocrx_word' id='word_1_207' title='bbox 835 2979 952 3031; x_wconf 92' lang='lat' dir='ltr'><strong>regnum</strong></span> 
     </span>
    </p>

    <p class='ocr_par' dir='ltr' id='par_1_20' title="bbox 326 3045 1054 3115">
     <span class='ocr_line' id='line_1_32' title="bbox 326 3045 1054 3115; baseline -0.004 -14"><span class='ocrx_word' id='word_1_208' title='bbox 326 3047 492 3102; x_wconf 92' lang='lat' dir='ltr'><strong>Permittant</strong></span> <span class='ocrx_word' id='word_1_209' title='bbox 504 3045 640 3100; x_wconf 86' lang='lat' dir='ltr'><strong>homines.</strong></span> <span class='ocrx_word' id='word_1_210' title='bbox 682 3045 713 3100; x_wconf 89' lang='lat' dir='ltr'><strong>Si</strong></span> <span class='ocrx_word' id='word_1_211' title='bbox 725 3045 804 3098; x_wconf 90' lang='lat' dir='ltr'><strong>dives</strong></span> <span class='ocrx_word' id='word_1_212' title='bbox 817 3045 865 3115; x_wconf 92' lang='lat' dir='ltr'><strong>qui</strong></span> <span class='ocrx_word' id='word_1_213' title='bbox 878 3045 990 3114; x_wconf 90' lang='lat' dir='ltr'><strong>sapiens</strong></span> <span class='ocrx_word' id='word_1_214' title='bbox 1003 3053 1054 3112; x_wconf 89' lang='lat' dir='ltr'><strong>est,</strong></span> 
     </span>
    </p>

    <p class='ocr_par' dir='ltr' id='par_1_21' title="bbox 326 3129 1030 3197">
     <span class='ocr_line' id='line_1_33' title="bbox 326 3129 1030 3197; baseline -0.004 -12"><span class='ocrx_word' id='word_1_215' title='bbox 326 3133 364 3185; x_wconf 89' lang='lat' dir='ltr'><strong>Et</strong></span> <span class='ocrx_word' id='word_1_216' title='bbox 377 3141 455 3185; x_wconf 91' lang='lat' dir='ltr'><strong>sutor</strong></span> <span class='ocrx_word' id='word_1_217' title='bbox 466 3131 566 3197; x_wconf 89' lang='lat' dir='ltr'><strong>bonus,</strong></span> <span class='ocrx_word' id='word_1_218' title='bbox 580 3139 608 3184; x_wconf 93' lang='lat' dir='ltr'><strong>et</strong></span> <span class='ocrx_word' id='word_1_219' title='bbox 619 3129 695 3183; x_wconf 92' lang='lat' dir='ltr'><strong>solus</strong></span> <span class='ocrx_word' id='word_1_220' title='bbox 708 3129 855 3196; x_wconf 88' lang='lat' dir='ltr'><strong>formosus,</strong></span> <span class='ocrx_word' id='word_1_221' title='bbox 869 3139 897 3183; x_wconf 93' lang='lat' dir='ltr'><strong>et</strong></span> <span class='ocrx_word' id='word_1_222' title='bbox 909 3138 952 3183; x_wconf 92' lang='lat' dir='ltr'><strong>est</strong></span> <span class='ocrx_word' id='word_1_223' title='bbox 964 3146 1012 3183; x_wconf 89' lang='lat' dir='ltr'><strong>rex</strong></span> <span class='ocrx_word' id='word_1_224' title='bbox 1023 3147 1030 3194; x_wconf 93' lang='lat'>余</span> 
     </span>
    </p>

    <p class='ocr_par' dir='ltr' id='par_1_22' title="bbox 324 3211 1166 3448">
     <span class='ocr_line' id='line_1_34' title="bbox 324 3211 1166 3286; baseline -0.008 -15"><span class='ocrx_word' id='word_1_225' title='bbox 324 3218 381 3271; x_wconf 91' lang='lat' dir='ltr'><strong>Cur</strong></span> <span class='ocrx_word' id='word_1_226' title='bbox 392 3225 472 3284; x_wconf 92' lang='lat' dir='ltr'><strong>optas</strong></span> <span class='ocrx_word' id='word_1_227' title='bbox 485 3215 561 3286; x_wconf 92' lang='lat' dir='ltr'><strong>quod</strong></span> <span class='ocrx_word' id='word_1_228' title='bbox 574 3215 681 3268; x_wconf 83' lang='lat' dir='ltr'><strong>habes?</strong></span> <span class='ocrx_word' id='word_1_229' title='bbox 719 3215 786 3268; x_wconf 92' lang='lat' dir='ltr'><strong>Non</strong></span> <span class='ocrx_word' id='word_1_230' title='bbox 798 3214 872 3267; x_wconf 91' lang='lat' dir='ltr'><strong>nosti</strong></span> <span class='ocrx_word' id='word_1_231' title='bbox 886 3212 954 3284; x_wconf 91' lang='lat' dir='ltr'><strong>quid</strong></span> <span class='ocrx_word' id='word_1_232' title='bbox 967 3222 1055 3283; x_wconf 87' lang='lat' dir='ltr'><strong>pater,</strong></span> <span class='ocrx_word' id='word_1_233' title='bbox 1068 3211 1166 3282; x_wconf 87' lang='lat' dir='ltr'><strong>inquit,</strong></span> 
     </span>
     <span class='ocr_line' id='line_1_35' title="bbox 327 3295 1110 3367; baseline -0.008 -15"><span class='ocrx_word' id='word_1_234' title='bbox 327 3298 499 3367; x_wconf 88' lang='lat' dir='ltr'><strong>Chrysippus</strong></span> <span class='ocrx_word' id='word_1_235' title='bbox 512 3297 605 3351; x_wconf 89' lang='lat' dir='ltr'><strong>dicat:</strong></span> <span class='ocrx_word' id='word_1_236' title='bbox 627 3295 745 3365; x_wconf 91' lang='lat' dir='ltr'><strong>Sapiens</strong></span> <span class='ocrx_word' id='word_1_237' title='bbox 759 3296 886 3366; x_wconf 88' lang='lat' dir='ltr'><strong>crepidas</strong></span> <span class='ocrx_word' id='word_1_238' title='bbox 900 3295 953 3349; x_wconf 93' lang='lat' dir='ltr'><strong>sibi</strong></span> <span class='ocrx_word' id='word_1_239' title='bbox 966 3311 1110 3366; x_wconf 90' lang='lat' dir='ltr'><strong>nunquam</strong></span> 
     </span>
     <span class='ocr_line' id='line_1_36' title="bbox 325 3377 1099 3448; baseline -0.006 -13"><span class='ocrx_word' id='word_1_240' title='bbox 325 3383 387 3435; x_wconf 92' lang='lat' dir='ltr'><strong>Nec</strong></span> <span class='ocrx_word' id='word_1_241' title='bbox 400 3382 491 3434; x_wconf 90' lang='lat' dir='ltr'><strong>soleas</strong></span> <span class='ocrx_word' id='word_1_242' title='bbox 504 3379 569 3434; x_wconf 91' lang='lat' dir='ltr'><strong>fecit</strong></span> <span class='ocrx_word' id='word_1_243' title='bbox 581 3399 588 3445; x_wconf 90' lang='lat'>余</span> <span class='ocrx_word' id='word_1_244' title='bbox 607 3388 685 3433; x_wconf 91' lang='lat' dir='ltr'><strong>sutor</strong></span> <span class='ocrx_word' id='word_1_245' title='bbox 697 3389 792 3433; x_wconf 92' lang='lat' dir='ltr'><strong>tamen</strong></span> <span class='ocrx_word' id='word_1_246' title='bbox 806 3386 849 3432; x_wconf 90' lang='lat' dir='ltr'><strong>est</strong></span> <span class='ocrx_word' id='word_1_247' title='bbox 861 3378 984 3447; x_wconf 89' lang='lat' dir='ltr'><strong>sapiens.</strong></span> <span class='ocrx_word' id='word_1_248' title='bbox 1024 3377 1099 3448; x_wconf 84' lang='lat' dir='ltr'><strong>Qui?</strong></span> 
     </span>
    </p>

    <p class='ocr_par' dir='ltr' id='par_1_23' title="bbox 323 3461 1208 3534">
     <span class='ocr_line' id='line_1_37' title="bbox 323 3461 1208 3534; baseline -0.009 -15"><span class='ocrx_word' id='word_1_249' title='bbox 323 3465 372 3532; x_wconf 92' lang='lat' dir='ltr'><strong>Ut,</strong></span> <span class='ocrx_word' id='word_1_250' title='bbox 386 3461 512 3534; x_wconf 90' lang='lat' dir='ltr'><strong>quamvis</strong></span> <span class='ocrx_word' id='word_1_251' title='bbox 525 3470 599 3516; x_wconf 88' lang='lat' dir='ltr'><strong>tacet</strong></span> <span class='ocrx_word' id='word_1_252' title='bbox 615 3462 818 3530; x_wconf 89' lang='lat' dir='ltr'><strong>Hermogenes,</strong></span> <span class='ocrx_word' id='word_1_253' title='bbox 832 3469 929 3514; x_wconf 87' lang='lat' dir='ltr'><strong>cantor</strong></span> <span class='ocrx_word' id='word_1_254' title='bbox 941 3469 1037 3515; x_wconf 89' lang='lat' dir='ltr'><strong>tamen</strong></span> <span class='ocrx_word' id='word_1_255' title='bbox 1050 3469 1134 3532; x_wconf 89' lang='lat' dir='ltr'><strong>atque</strong></span> <span class='ocrx_word' id='word_1_256' title='bbox 1173 3486 1208 3522; x_wconf 83' lang='lat'><strong>129</strong></span> 
     </span>
    </p>
   </div>
   <div class='ocr_carea' id='block_1_3' title="bbox 0 0 1406 4176">
    <p class='ocr_par' dir='ltr' id='par_1_24' title="bbox 0 0 1406 4176">
     <span class='ocr_line' id='line_1_38' title="bbox 0 0 1406 4176; baseline 0 1"><span class='ocrx_word' id='word_1_257' title='bbox 0 0 1406 4176; x_wconf 95' lang='lat' dir='ltr'><strong> </strong></span> 
     </span>
    </p>
   </div>
  </div>
 </body>
</html>
